%% This BibTeX bibliography file was created using BibDesk.
%% https://bibdesk.sourceforge.io/

%% Created for Jonathan Goldfarb at 2019-05-08 09:17:48 -0400 


%% Saved with string encoding Unicode (UTF-8) 



@book{neuberger10,
	Author = {J. W. Neuberger},
	Date-Added = {2019-05-08 09:16:03 -0400},
	Date-Modified = {2019-05-08 09:17:47 -0400},
	Doi = {10.1007/978-3-642-04041-2},
	Editor = {J.-M. Morel and F. Takens and B. Teissier},
	Publisher = {Springer},
	Series = {Lecture Notes in Mathematics},
	Title = {Sobolev Gradients and Differential Equations},
	Volume = {1670},
	Year = {2010}}

@article{abdulla18,
	Abstract = {This paper presents computational analysis of the inverse Stefan type free boundary problem, where information on the boundary heat flux is missing and must be found along with the temperature and the free boundary. We pursue optimal control framework introduced in {\it U.G. Abdulla, Inverse Problems and Imaging, 7, 2(2013), 307-340;\ 10, 4(2016), 869--898}, where boundary heat flux and free boundary are components of the control vector, and optimality criteria consist of the minimization of the quadratic declinations from the available measurements of the temperature distribution at the final moment, phase transition temperature on the free boundary, and the final position of the free boundary. We develop gradient descent algorithm based on Frechet differentiability in Hilbert-Besov spaces complemented with preconditioning or increase of regularity of the Frechet gradient through implementation of the Riesz representation theorem. Three model examples with various levels of complexity are considered. Extensive comparative analysis through implementation of preconditioning and Tikhonov regularization, calibration of preconditioning and regularization parameters, effect of noisy data, comparison of simultaneous identification of control parameters vs. nested optimization is pursued.},
	Author = {Ugur G. Abdulla and Vladislav Bukshtynov and Ali Hagverdiyev},
	Date-Added = {2019-05-02 08:31:28 -0400},
	Date-Modified = {2019-05-02 08:31:28 -0400},
	Journal = {(Submitted)},
	Title = {Gradient Method in {Hilbert}-{Besov} Spaces for the Optimal Control of Parabolic Free Boundary Problems},
	Year = {2018}}

@book{tikhonov63,
	Author = {A. N. Tikhonov and A. A. Samarskii},
	Date-Added = {2019-03-13 20:18:35 -0400},
	Date-Modified = {2019-03-13 20:20:49 -0400},
	Publisher = {Dover},
	Title = {Equations of Mathematical Physics},
	Year = {1963}}

@article{abdulla17,
	Author = {U. G. Abdulla and E. Cosgrove and J. Goldfarb},
	Date-Added = {2017-04-11 14:07:28 +0000},
	Date-Modified = {2017-07-10 00:49:06 +0000},
	Journal = {Evolution Equations and Control Theory},
	Number = {3},
	Pages = {319--344},
	Title = {On the {Frechet} Differentiability in Optimal Control of Coefficients in Parabolic Free Boundary Problems},
	Volume = {6},
	Year = {2017}}

@book{pick13,
	Author = {Lubo\v{s} Pick and Alois Kufner and Old\v{r}ich John and Svatopluk Fu\v{c}\'ik},
	Date-Added = {2016-12-16 00:04:19 +0000},
	Date-Modified = {2016-12-16 00:07:47 +0000},
	Edition = {2},
	Number = {14},
	Publisher = {De Gruyter},
	Series = {Series in Nonlinear Analysis and Applications},
	Title = {Function Spaces},
	Volume = {1},
	Year = {2013}}

@article{abdulla16,
	Author = {U. G. Abdulla and J. Goldfarb},
	Date-Added = {2016-10-11 16:40:48 +0000},
	Date-Modified = {2017-06-07 01:59:32 +0000},
	Journal = {Journal of Inverse and Ill-Posed Problems (Accepted)},
	Title = {{F}rechet Differentability in {B}esov Spaces in the Optimal Control of Parabolic Free Boundary Problems},
	Url = {https://arxiv.org/abs/1604.00057},
	Year = {2017},
	Bdsk-Url-1 = {https://arxiv.org/abs/1604.00057}}

@article{ilin62,
	Author = {V. P. Il'in and V. A. Solonnikov},
	Date-Added = {2015-10-09 17:23:36 +0000},
	Date-Modified = {2015-10-09 17:23:36 +0000},
	Journal = {Trudy Mat. Inst. Steklov},
	Pages = {205--226},
	Title = {Some properties of differentiable functions of several variables},
	Volume = {66},
	Year = {1962}}

@book{fursikov00,
	Author = {A. V. Fursikov},
	Date-Added = {2015-07-22 19:58:58 +0000},
	Date-Modified = {2015-07-22 20:00:06 +0000},
	Publisher = {American Mathematical Society},
	Series = {Translations of Mathematical Monographs},
	Title = {Optimal Control of Distributed Systems. Theory and Applications},
	Volume = {187},
	Year = {2000}}

@book{samarskii01,
	Address = {New York, NY},
	Author = {Alexander A. Samarskii},
	Booktitle = {The Theory of Difference Schemes},
	Date-Added = {2015-06-12 13:53:53 +0000},
	Date-Modified = {2015-06-12 13:53:53 +0000},
	Isbn = {0-8247-0468-1},
	Publisher = {Marcel Dekker, Inc},
	Series = {Pure and Applied Mathematics},
	Title = {The Theory of Difference Schemes},
	Year = {2001}}

@article{budak69a,
	Author = {B.M. Budak and A.B. Uspenskii},
	Category = {papers/num},
	Date-Added = {2015-03-20 17:28:59 +0000},
	Date-Modified = {2015-03-20 17:30:40 +0000},
	Doi = {10.1016/0041-5553(69)90127-x},
	Journal = {USSR Computational Mathematics and Mathematical Physics},
	Number = {6},
	Pages = {83--103},
	Title = {A difference method with front straightening for solving {Stefan}-type problems},
	Volume = {9},
	Year = {1969},
	Bdsk-File-1 = {YnBsaXN0MDDSAQIDBFxyZWxhdGl2ZVBhdGhZYWxpYXNEYXRhXxAyLi4vLi4vLi4vLi4vZ3JhZC9kaXNzZXJ0YXRpb24vY2l0ZS9udW0vYnVkYWs2OS5wZGZPEQG8AAAAAAG8AAIAAAxNYWNpbnRvc2ggSEQAAAAAAAAAAAAAAAAAAADS0iqzSCsAAAAd6YALYnVkYWs2OS5wZGYAAAAAAAAAAAAAAAAAAAAAAAAAAAAAAAAAAAAAAAAAAAAAAAAAAAAAAAAAAAAAAAAAAAAAAB3sa9Ex0T0AAAAAAAAAAAAEAAUAAAkgAAAAAAAAAAAAAAAAAAAAA251bQAAEAAIAADS0nEDAAAAEQAIAADRMgl9AAAAAQAcAB3pgAAd6XMADgqkAA3+zQAE+d4ABPndAAISxQACAFNNYWNpbnRvc2ggSEQ6VXNlcnM6AGpnb2xkZmFyOgBEb2N1bWVudHM6AGdyYWQ6AGRpc3NlcnRhdGlvbjoAY2l0ZToAbnVtOgBidWRhazY5LnBkZgAADgAYAAsAYgB1AGQAYQBrADYAOQAuAHAAZABmAA8AGgAMAE0AYQBjAGkAbgB0AG8AcwBoACAASABEABIAP1VzZXJzL2pnb2xkZmFyL0RvY3VtZW50cy9ncmFkL2Rpc3NlcnRhdGlvbi9jaXRlL251bS9idWRhazY5LnBkZgAAEwABLwAAFQACAA///wAAAAgADQAaACQAWQAAAAAAAAIBAAAAAAAAAAUAAAAAAAAAAAAAAAAAAAIZ},
	Bdsk-Url-1 = {http://dx.doi.org/10.1016/0041-5553(69)90127-x}}

@article{knabner86,
	Author = {Peter Knabner},
	Category = {papers},
	Date-Added = {2015-03-20 17:24:13 +0000},
	Date-Modified = {2015-03-20 17:25:05 +0000},
	Doi = {10.1016%2F0022-247x%2886%2990014-4},
	Journal = {Journal of Mathematical Analysis and Applications},
	Pages = {543--559},
	Title = {Global existence in a general Stefan-like problem},
	Volume = {115},
	Year = {1986},
	Bdsk-File-1 = {YnBsaXN0MDDSAQIDBFxyZWxhdGl2ZVBhdGhZYWxpYXNEYXRhXxAwLi4vLi4vLi4vLi4vZ3JhZC9kaXNzZXJ0YXRpb24vY2l0ZS9rbmFibmVyODYucGRmTxEBtgAAAAABtgACAAAMTWFjaW50b3NoIEhEAAAAAAAAAAAAAAAAAAAA0tIqs0grAAAAHelzDWtuYWJuZXI4Ni5wZGYAAAAAAAAAAAAAAAAAAAAAAAAAAAAAAAAAAAAAAAAAAAAAAAAAAAAAAAAAAAAAAAAAAAAd66HLoFiWAAAAAAAAAAAABAAEAAAJIAAAAAAAAAAAAAAAAAAAAARjaXRlABAACAAA0tJxAwAAABEACAAAy6CQ1gAAAAEAGAAd6XMADgqkAA3+zQAE+d4ABPndAAISxQACAFBNYWNpbnRvc2ggSEQ6VXNlcnM6AGpnb2xkZmFyOgBEb2N1bWVudHM6AGdyYWQ6AGRpc3NlcnRhdGlvbjoAY2l0ZToAa25hYm5lcjg2LnBkZgAOABwADQBrAG4AYQBiAG4AZQByADgANgAuAHAAZABmAA8AGgAMAE0AYQBjAGkAbgB0AG8AcwBoACAASABEABIAPVVzZXJzL2pnb2xkZmFyL0RvY3VtZW50cy9ncmFkL2Rpc3NlcnRhdGlvbi9jaXRlL2tuYWJuZXI4Ni5wZGYAABMAAS8AABUAAgAP//8AAAAIAA0AGgAkAFcAAAAAAAACAQAAAAAAAAAFAAAAAAAAAAAAAAAAAAACEQ==},
	Bdsk-Url-1 = {http://dx.doi.org/10.1016%252F0022-247x%252886%252990014-4}}

@book{kufner77,
	Address = {Leyden, The Netherlands},
	Author = {A. Kufner and O. John and S. Fu\v{c}ik},
	Category = {papers},
	Date-Added = {2015-02-16 04:44:06 +0000},
	Date-Modified = {2015-03-20 16:57:37 +0000},
	Publisher = {Noordhoff International Publishing},
	Title = {Function Spaces},
	Year = {1977},
	Bdsk-File-1 = {YnBsaXN0MDDSAQIDBFxyZWxhdGl2ZVBhdGhZYWxpYXNEYXRhXxBALi4vLi4vLi4vLi4vZ3JhZC9kaXNzZXJ0YXRpb24vY2l0ZS9rdWZuZXI3Ny1mdW5jdGlvbi1zcGFjZXMuZGp2dU8RAfYAAAAAAfYAAgAADE1hY2ludG9zaCBIRAAAAAAAAAAAAAAAAAAAANLSKrNIKwAAAB3pcx1rdWZuZXI3Ny1mdW5jdGlvbi1zcGFjZXMuZGp2dQAAAAAAAAAAAAAAAAAAAAAAAAAAAAAAAAAAAAAAAAAAAAAAHeuizwL+TwAAAAAAAAAAAAQABAAACSAAAAAAAAAAAAAAAAAAAAAEY2l0ZQAQAAgAANLScQMAAAARAAgAAM8DRJ8AAAABABgAHelzAA4KpAAN/s0ABPneAAT53QACEsUAAgBgTWFjaW50b3NoIEhEOlVzZXJzOgBqZ29sZGZhcjoARG9jdW1lbnRzOgBncmFkOgBkaXNzZXJ0YXRpb246AGNpdGU6AGt1Zm5lcjc3LWZ1bmN0aW9uLXNwYWNlcy5kanZ1AA4APAAdAGsAdQBmAG4AZQByADcANwAtAGYAdQBuAGMAdABpAG8AbgAtAHMAcABhAGMAZQBzAC4AZABqAHYAdQAPABoADABNAGEAYwBpAG4AdABvAHMAaAAgAEgARAASAE1Vc2Vycy9qZ29sZGZhci9Eb2N1bWVudHMvZ3JhZC9kaXNzZXJ0YXRpb24vY2l0ZS9rdWZuZXI3Ny1mdW5jdGlvbi1zcGFjZXMuZGp2dQAAEwABLwAAFQACAA///wAAAAgADQAaACQAZwAAAAAAAAIBAAAAAAAAAAUAAAAAAAAAAAAAAAAAAAJh}}

@article{mitter96,
	Author = {S. K. Mitter},
	Category = {papers},
	Date-Added = {2015-03-20 17:22:55 +0000},
	Date-Modified = {2015-03-20 17:23:42 +0000},
	Doi = {10.1016%2F0005-1098%2866%2990009-4},
	Journal = {Automatica},
	Pages = {135--149},
	Title = {Successive Approximation Methods for the Solution of Optimal Control Problems},
	Volume = {3},
	Year = {1996},
	Bdsk-File-1 = {YnBsaXN0MDDSAQIDBFxyZWxhdGl2ZVBhdGhZYWxpYXNEYXRhXxAvLi4vLi4vLi4vLi4vZ3JhZC9kaXNzZXJ0YXRpb24vY2l0ZS9taXR0ZXI5Ni5wZGZPEQGyAAAAAAGyAAIAAAxNYWNpbnRvc2ggSEQAAAAAAAAAAAAAAAAAAADS0iqzSCsAAAAd6XMMbWl0dGVyOTYucGRmAAAAAAAAAAAAAAAAAAAAAAAAAAAAAAAAAAAAAAAAAAAAAAAAAAAAAAAAAAAAAAAAAAAAAB3rtNAmZy8AAAAAAAAAAAAEAAQAAAkgAAAAAAAAAAAAAAAAAAAABGNpdGUAEAAIAADS0nEDAAAAEQAIAADQJp9vAAAAAQAYAB3pcwAOCqQADf7NAAT53gAE+d0AAhLFAAIAT01hY2ludG9zaCBIRDpVc2VyczoAamdvbGRmYXI6AERvY3VtZW50czoAZ3JhZDoAZGlzc2VydGF0aW9uOgBjaXRlOgBtaXR0ZXI5Ni5wZGYAAA4AGgAMAG0AaQB0AHQAZQByADkANgAuAHAAZABmAA8AGgAMAE0AYQBjAGkAbgB0AG8AcwBoACAASABEABIAPFVzZXJzL2pnb2xkZmFyL0RvY3VtZW50cy9ncmFkL2Rpc3NlcnRhdGlvbi9jaXRlL21pdHRlcjk2LnBkZgATAAEvAAAVAAIAD///AAAACAANABoAJABWAAAAAAAAAgEAAAAAAAAABQAAAAAAAAAAAAAAAAAAAgw=},
	Bdsk-Url-1 = {http://dx.doi.org/10.1016%252F0005-1098%252866%252990009-4}}

@article{vasilev93,
	Author = {F. P. Vasil'ev},
	Category = {papers},
	Date-Added = {2015-03-20 17:20:06 +0000},
	Date-Modified = {2015-03-20 17:24:03 +0000},
	Doi = {10.1007/BF01130875},
	Journal = {Computational Mathematics and Modeling},
	Number = {1},
	Pages = {32--38},
	Title = {Rate-of-convergence bound of regularization methods for unstable minimization problems},
	Volume = {4},
	Year = {1993},
	Bdsk-File-1 = {YnBsaXN0MDDSAQIDBFxyZWxhdGl2ZVBhdGhZYWxpYXNEYXRhXxAxLi4vLi4vLi4vLi4vZ3JhZC9kaXNzZXJ0YXRpb24vY2l0ZS92YXNpbCdldjkzLnBkZk8RAboAAAAAAboAAgAADE1hY2ludG9zaCBIRAAAAAAAAAAAAAAAAAAAANLSKrNIKwAAAB3pcw52YXNpbCdldjkzLnBkZgAAAAAAAAAAAAAAAAAAAAAAAAAAAAAAAAAAAAAAAAAAAAAAAAAAAAAAAAAAAAAAAAAAHe4yzfx/dgAAAAAAAAAAAAQABAAACSAAAAAAAAAAAAAAAAAAAAAEY2l0ZQAQAAgAANLScQMAAAARAAgAAM38t7YAAAABABgAHelzAA4KpAAN/s0ABPneAAT53QACEsUAAgBRTWFjaW50b3NoIEhEOlVzZXJzOgBqZ29sZGZhcjoARG9jdW1lbnRzOgBncmFkOgBkaXNzZXJ0YXRpb246AGNpdGU6AHZhc2lsJ2V2OTMucGRmAAAOAB4ADgB2AGEAcwBpAGwAJwBlAHYAOQAzAC4AcABkAGYADwAaAAwATQBhAGMAaQBuAHQAbwBzAGgAIABIAEQAEgA+VXNlcnMvamdvbGRmYXIvRG9jdW1lbnRzL2dyYWQvZGlzc2VydGF0aW9uL2NpdGUvdmFzaWwnZXY5My5wZGYAEwABLwAAFQACAA///wAAAAgADQAaACQAWAAAAAAAAAIBAAAAAAAAAAUAAAAAAAAAAAAAAAAAAAIW},
	Bdsk-Url-1 = {http://dx.doi.org/10.1007/BF01130875}}

@techreport{wiegmann99,
	Author = {Andreas Wiegmann},
	Category = {papers/num},
	Date-Added = {2015-03-20 17:16:11 +0000},
	Date-Modified = {2015-03-20 17:17:57 +0000},
	Institution = {Lawrence Berkely National Laboratory},
	Title = {Fast Elliptic Solvers on Rectangular Parallelepipeds},
	Year = {1999},
	Bdsk-File-1 = {YnBsaXN0MDDSAQIDBFxyZWxhdGl2ZVBhdGhZYWxpYXNEYXRhXxA1Li4vLi4vLi4vLi4vZ3JhZC9kaXNzZXJ0YXRpb24vY2l0ZS9udW0vd2llZ21hbm45OS5wZGZPEQHGAAAAAAHGAAIAAAxNYWNpbnRvc2ggSEQAAAAAAAAAAAAAAAAAAADS0iqzSCsAAAAd6YAOd2llZ21hbm45OS5wZGYAAAAAAAAAAAAAAAAAAAAAAAAAAAAAAAAAAAAAAAAAAAAAAAAAAAAAAAAAAAAAAAAAAB3sldDyUxoAAAAAAAAAAAAEAAUAAAkgAAAAAAAAAAAAAAAAAAAAA251bQAAEAAIAADS0nEDAAAAEQAIAADQ8plqAAAAAQAcAB3pgAAd6XMADgqkAA3+zQAE+d4ABPndAAISxQACAFZNYWNpbnRvc2ggSEQ6VXNlcnM6AGpnb2xkZmFyOgBEb2N1bWVudHM6AGdyYWQ6AGRpc3NlcnRhdGlvbjoAY2l0ZToAbnVtOgB3aWVnbWFubjk5LnBkZgAOAB4ADgB3AGkAZQBnAG0AYQBuAG4AOQA5AC4AcABkAGYADwAaAAwATQBhAGMAaQBuAHQAbwBzAGgAIABIAEQAEgBCVXNlcnMvamdvbGRmYXIvRG9jdW1lbnRzL2dyYWQvZGlzc2VydGF0aW9uL2NpdGUvbnVtL3dpZWdtYW5uOTkucGRmABMAAS8AABUAAgAP//8AAAAIAA0AGgAkAFwAAAAAAAACAQAAAAAAAAAFAAAAAAAAAAAAAAAAAAACJg==}}

@article{cafarelli77,
	Author = {Luis A. Cafarelli},
	Category = {papers},
	Date-Added = {2015-03-20 17:14:36 +0000},
	Date-Modified = {2015-03-20 17:15:36 +0000},
	Journal = {Acta Mathematica},
	Pages = {155--184},
	Title = {The Regularity of Free Boundaries in Higher Dimensions},
	Year = {1977},
	Bdsk-File-1 = {YnBsaXN0MDDSAQIDBFxyZWxhdGl2ZVBhdGhZYWxpYXNEYXRhXxAyLi4vLi4vLi4vLi4vZ3JhZC9kaXNzZXJ0YXRpb24vY2l0ZS9jYWZhcmVsbGk3Ny5wZGZPEQG+AAAAAAG+AAIAAAxNYWNpbnRvc2ggSEQAAAAAAAAAAAAAAAAAAADS0iqzSCsAAAAd6XMPY2FmYXJlbGxpNzcucGRmAAAAAAAAAAAAAAAAAAAAAAAAAAAAAAAAAAAAAAAAAAAAAAAAAAAAAAAAAAAAAAAAAB3q6NBazbYAAAAAAAAAAAAEAAQAAAkgAAAAAAAAAAAAAAAAAAAABGNpdGUAEAAIAADS0nEDAAAAEQAIAADQWwX2AAAAAQAYAB3pcwAOCqQADf7NAAT53gAE+d0AAhLFAAIAUk1hY2ludG9zaCBIRDpVc2VyczoAamdvbGRmYXI6AERvY3VtZW50czoAZ3JhZDoAZGlzc2VydGF0aW9uOgBjaXRlOgBjYWZhcmVsbGk3Ny5wZGYADgAgAA8AYwBhAGYAYQByAGUAbABsAGkANwA3AC4AcABkAGYADwAaAAwATQBhAGMAaQBuAHQAbwBzAGgAIABIAEQAEgA/VXNlcnMvamdvbGRmYXIvRG9jdW1lbnRzL2dyYWQvZGlzc2VydGF0aW9uL2NpdGUvY2FmYXJlbGxpNzcucGRmAAATAAEvAAAVAAIAD///AAAACAANABoAJABZAAAAAAAAAgEAAAAAAAAABQAAAAAAAAAAAAAAAAAAAhs=}}

@article{baumeister79,
	Author = {J. Baumeister},
	Category = {papers},
	Date-Added = {2015-03-20 17:11:29 +0000},
	Date-Modified = {2015-03-20 17:12:44 +0000},
	Doi = {10.1002%2Fmma.1670010105},
	Journal = {Math. Meth. in the Appl. Sci},
	Pages = {40--61},
	Title = {On the treatment of free boundary problems with the heat equation via optimal control},
	Volume = {1},
	Year = {1979},
	Bdsk-File-1 = {YnBsaXN0MDDSAQIDBFxyZWxhdGl2ZVBhdGhZYWxpYXNEYXRhXxAzLi4vLi4vLi4vLi4vZ3JhZC9kaXNzZXJ0YXRpb24vY2l0ZS9iYXVtZWlzdGVyNzkucGRmTxEBwgAAAAABwgACAAAMTWFjaW50b3NoIEhEAAAAAAAAAAAAAAAAAAAA0tIqs0grAAAAHelzEGJhdW1laXN0ZXI3OS5wZGYAAAAAAAAAAAAAAAAAAAAAAAAAAAAAAAAAAAAAAAAAAAAAAAAAAAAAAAAAAAAAAAAd6sbPLYs6AAAAAAAAAAAABAAEAAAJIAAAAAAAAAAAAAAAAAAAAARjaXRlABAACAAA0tJxAwAAABEACAAAzy3RigAAAAEAGAAd6XMADgqkAA3+zQAE+d4ABPndAAISxQACAFNNYWNpbnRvc2ggSEQ6VXNlcnM6AGpnb2xkZmFyOgBEb2N1bWVudHM6AGdyYWQ6AGRpc3NlcnRhdGlvbjoAY2l0ZToAYmF1bWVpc3Rlcjc5LnBkZgAADgAiABAAYgBhAHUAbQBlAGkAcwB0AGUAcgA3ADkALgBwAGQAZgAPABoADABNAGEAYwBpAG4AdABvAHMAaAAgAEgARAASAEBVc2Vycy9qZ29sZGZhci9Eb2N1bWVudHMvZ3JhZC9kaXNzZXJ0YXRpb24vY2l0ZS9iYXVtZWlzdGVyNzkucGRmABMAAS8AABUAAgAP//8AAAAIAA0AGgAkAFoAAAAAAAACAQAAAAAAAAAFAAAAAAAAAAAAAAAAAAACIA==},
	Bdsk-Url-1 = {http://dx.doi.org/10.1002%252Fmma.1670010105}}

@book{samarskii07,
	Author = {Alexander A. Samarskii and Peter N. Vabishchevich},
	Category = {papers},
	Date-Added = {2015-03-20 17:04:36 +0000},
	Date-Modified = {2015-03-20 17:06:21 +0000},
	Publisher = {Walter de Gruyter},
	Series = {Inverse and Ill-Posed Problems},
	Title = {Numerical Methods for Solving Inverse Free Boundary Problems of Mathematical Physics},
	Year = {2007},
	Bdsk-File-1 = {YnBsaXN0MDDSAQIDBFxyZWxhdGl2ZVBhdGhZYWxpYXNEYXRhXxAyLi4vLi4vLi4vLi4vZ3JhZC9kaXNzZXJ0YXRpb24vY2l0ZS9zYW1hcnNraWkwNy5wZGZPEQG+AAAAAAG+AAIAAAxNYWNpbnRvc2ggSEQAAAAAAAAAAAAAAAAAAADS0iqzSCsAAAAd6XMPc2FtYXJza2lpMDcucGRmAAAAAAAAAAAAAAAAAAAAAAAAAAAAAAAAAAAAAAAAAAAAAAAAAAAAAAAAAAAAAAAAAB3tO8uNNk8AAAAAAAAAAAAEAAQAAAkgAAAAAAAAAAAAAAAAAAAABGNpdGUAEAAIAADS0nEDAAAAEQAIAADLjW6PAAAAAQAYAB3pcwAOCqQADf7NAAT53gAE+d0AAhLFAAIAUk1hY2ludG9zaCBIRDpVc2VyczoAamdvbGRmYXI6AERvY3VtZW50czoAZ3JhZDoAZGlzc2VydGF0aW9uOgBjaXRlOgBzYW1hcnNraWkwNy5wZGYADgAgAA8AcwBhAG0AYQByAHMAawBpAGkAMAA3AC4AcABkAGYADwAaAAwATQBhAGMAaQBuAHQAbwBzAGgAIABIAEQAEgA/VXNlcnMvamdvbGRmYXIvRG9jdW1lbnRzL2dyYWQvZGlzc2VydGF0aW9uL2NpdGUvc2FtYXJza2lpMDcucGRmAAATAAEvAAAVAAIAD///AAAACAANABoAJABZAAAAAAAAAgEAAAAAAAAABQAAAAAAAAAAAAAAAAAAAhs=}}

@article{abdulla13,
	Author = {U. G. Abdulla},
	Category = {papers},
	Date-Added = {2015-02-16 04:44:06 +0000},
	Date-Modified = {2017-06-09 17:36:45 +0000},
	Doi = {10.3934/ipi.2013.7.307},
	Journal = {Inverse Problems and Imaging},
	Keywords = {proposal},
	Number = {2},
	Pages = {307--340},
	Title = {On the Optimal Control of the Free Boundary Problems for the Second Order Parabolic Equations. {I}. {W}ell-posedness and Convergence of the Method of Lines},
	Volume = {7},
	Year = {2013},
	Bdsk-File-1 = {YnBsaXN0MDDSAQIDBFxyZWxhdGl2ZVBhdGhZYWxpYXNEYXRhXxAwLi4vLi4vLi4vLi4vZ3JhZC9kaXNzZXJ0YXRpb24vY2l0ZS9hYmR1bGxhMTMucGRmTxEBtgAAAAABtgACAAAMTWFjaW50b3NoIEhEAAAAAAAAAAAAAAAAAAAA0tIqs0grAAAAHelzDWFiZHVsbGExMy5wZGYAAAAAAAAAAAAAAAAAAAAAAAAAAAAAAAAAAAAAAAAAAAAAAAAAAAAAAAAAAAAAAAAAAAAd6rDNunPbAAAAAAAAAAAABAAEAAAJIAAAAAAAAAAAAAAAAAAAAARjaXRlABAACAAA0tJxAwAAABEACAAAzbqsGwAAAAEAGAAd6XMADgqkAA3+zQAE+d4ABPndAAISxQACAFBNYWNpbnRvc2ggSEQ6VXNlcnM6AGpnb2xkZmFyOgBEb2N1bWVudHM6AGdyYWQ6AGRpc3NlcnRhdGlvbjoAY2l0ZToAYWJkdWxsYTEzLnBkZgAOABwADQBhAGIAZAB1AGwAbABhADEAMwAuAHAAZABmAA8AGgAMAE0AYQBjAGkAbgB0AG8AcwBoACAASABEABIAPVVzZXJzL2pnb2xkZmFyL0RvY3VtZW50cy9ncmFkL2Rpc3NlcnRhdGlvbi9jaXRlL2FiZHVsbGExMy5wZGYAABMAAS8AABUAAgAP//8AAAAIAA0AGgAkAFcAAAAAAAACAQAAAAAAAAAFAAAAAAAAAAAAAAAAAAACEQ==},
	Bdsk-Url-1 = {http://dx.doi.org/10.3934/ipi.2013.7.307}}

@article{abdulla15,
	Author = {U. G. Abdulla},
	Date-Added = {2015-02-16 04:44:06 +0000},
	Date-Modified = {2017-06-09 17:35:09 +0000},
	Doi = {10.3934/ipi.2016025},
	Journal = {Inverse Problems and Imaging},
	Keywords = {proposal},
	Number = {4},
	Pages = {869 - 898},
	Title = {On the Optimal Control of the Free Boundary Problems for the Second Order Parabolic Equations. {II}. {C}onvergence of the Method of Finite Differences},
	Url = {http://arxiv.org/abs/1506.02341},
	Volume = {10},
	Year = {2016},
	Bdsk-Url-1 = {http://arxiv.org/abs/1506.02341}}

@book{adams03,
	Author = {Robert A. Adams and John J. F. Fournier},
	Date-Added = {2015-02-16 04:44:06 +0000},
	Date-Modified = {2015-02-16 04:44:06 +0000},
	Edition = {2nd},
	Keywords = {conv-traces},
	Publisher = {Academic Press},
	Series = {Pure and Applied Mathematics},
	Title = {Sobolev Spaces},
	Volume = {140},
	Year = {2003}}

@book{adams75,
	Author = {Robert A. Adams},
	Date-Added = {2015-02-16 04:44:06 +0000},
	Date-Modified = {2015-02-16 04:44:06 +0000},
	Publisher = {Academic Press},
	Series = {Pure and Applied Mathematics},
	Title = {{Sobolev} Spaces},
	Volume = {65},
	Year = {1975}}

@book{alifanov95a,
	Author = {Oleg M. Alifanov},
	Booktitle = {Inverse Heat Transfer Problems},
	Date-Added = {2015-02-16 04:44:06 +0000},
	Date-Modified = {2015-02-16 04:45:29 +0000},
	Month = {March},
	Publisher = {Springer-Verlag Telos},
	Title = {Inverse Heat Transfer Problems},
	Year = {1995}}

@book{besov79,
	Author = {O. V. Besov and V. P. Ilin and S. M. Nikolskii},
	Date-Added = {2015-02-16 04:44:06 +0000},
	Date-Modified = {2017-06-09 17:34:46 +0000},
	Keywords = {conv-traces},
	Publisher = {John Wiley \& Sons},
	Title = {Integral Representations of Functions and Imbedding Theorems},
	Volume = {1},
	Year = {1979}}

@book{besov79a,
	Author = {O. V. Besov and V. P. Ilin and S. M. Nikolskii},
	Date-Added = {2015-02-16 04:44:06 +0000},
	Date-Modified = {2017-06-09 17:34:34 +0000},
	Keywords = {conv-traces},
	Publisher = {John Wiley \& Sons},
	Title = {Integral Representations of Functions and Imbedding Theorems},
	Volume = {2},
	Year = {1979}}

@article{biegert09,
	Author = {Markus Biegert},
	Date-Added = {2015-02-16 04:44:06 +0000},
	Date-Modified = {2015-02-16 04:44:06 +0000},
	Journal = {Proceedings of the American Mathematical Society},
	Keywords = {conv-traces},
	Month = {December},
	Number = {12},
	Pages = {4169--4176},
	Title = {On Traces of {Sobolev} Functions on the Boundary of Extension Domains},
	Volume = {137},
	Year = {2009}}

@book{brezis11,
	Author = {Haim Brezis},
	Date-Added = {2015-02-16 04:44:06 +0000},
	Date-Modified = {2015-02-16 04:44:06 +0000},
	Keywords = {conv-traces},
	Publisher = {Springer},
	Series = {Universitext},
	Title = {Functional Analysis, {Sobolev} Spaces, and Partial Differential Equations},
	Year = {2011}}

@article{joly92,
	Author = {Patrick Joly},
	Date-Added = {2015-02-16 04:44:06 +0000},
	Date-Modified = {2015-02-16 04:44:06 +0000},
	Journal = {SIAM Journal on Mathematical Analysis},
	Keywords = {conv-traces},
	Month = {May},
	Number = {3},
	Pages = {799--819},
	Title = {Some Trace Theorems in Anisotropic {Sobolev} Spaces},
	Volume = {23},
	Year = {1992}}

@book{jonsson84,
	Author = {Alf Jonsson and Hans Wallin},
	Date-Added = {2015-02-16 04:44:06 +0000},
	Date-Modified = {2015-02-16 04:44:06 +0000},
	Keywords = {conv-traces},
	Publisher = {Harwood Academic Publishers},
	Title = {Function Spaces on Subsets of $\mathbb{R}^n$},
	Year = {1984}}

@book{krylov08,
	Author = {N. V. Krylov},
	Date-Added = {2015-02-16 04:44:06 +0000},
	Date-Modified = {2015-02-16 04:44:06 +0000},
	Keywords = {conv-traces},
	Publisher = {American Mathematical Society},
	Series = {Graduate Studies in Mathematics},
	Title = {Lectures on Elliptic and Parabolic Equations in {Sobolev} Spaces},
	Volume = {96},
	Year = {2008}}

@book{ladyzhenskaya68a,
	Address = {New York, NY},
	Author = {O. A. Ladyzhenskaya and N. N. Uraltseva},
	Booktitle = {Linear and Quasilinear Elliptic Equations},
	Category = {papers},
	Crossref = {ladyzhenskaya68},
	Date-Added = {2015-02-16 04:44:06 +0000},
	Date-Modified = {2015-03-20 16:57:48 +0000},
	Keywords = {conv-traces},
	Publisher = {Elsevier},
	Series = {Mathematics in Science and Engineering},
	Title = {Linear and Quasilinear Elliptic Equations},
	Volume = {46}}

@book{leoni09,
	Author = {Giovanni Leoni},
	Date-Added = {2015-02-16 04:44:06 +0000},
	Date-Modified = {2015-02-16 04:44:06 +0000},
	Keywords = {conv-traces},
	Publisher = {American Mathematical Society},
	Series = {Graduate Studies in Mathematics},
	Title = {A First Course in {Sobolev} Spaces},
	Volume = {105},
	Year = {2009}}

@article{maggi05,
	Author = {F. Maggi and C. Villani},
	Category = {papers},
	Date-Added = {2015-02-16 04:44:06 +0000},
	Date-Modified = {2015-03-20 16:58:07 +0000},
	Journal = {J. Geom. Anal.},
	Keywords = {paper-refs, morrey-indep},
	Number = {1},
	Pages = {83--121},
	Title = {Balls have the worse best {Sobolev} inequalities},
	Volume = {15},
	Year = {2005}}

@article{maggi08,
	Author = {F. Maggi and C. Villani},
	Category = {papers},
	Date-Added = {2015-02-16 04:44:06 +0000},
	Date-Modified = {2015-03-20 16:58:17 +0000},
	Journal = {Calc. Var. Partial Differential Equations},
	Keywords = {paper-refs; morrey-indep},
	Number = {1},
	Pages = {47--41},
	Title = {Balls have the worse best {Sobolev} inequalities. Part II: Variants and Extensions},
	Volume = {31},
	Year = {2008}}

@book{mazya85,
	Author = {Vladimir G. Maz'ya},
	Date-Added = {2015-02-16 04:44:06 +0000},
	Date-Modified = {2015-02-16 04:44:06 +0000},
	Publisher = {Springer-Verlag},
	Series = {Springer Series in Soviet Mathematics},
	Title = {{Sobolev} Spaces},
	Year = {1985}}

@book{mazya97,
	Author = {Vladimir G. Maz'ya and Sergei V. Poborchi},
	Date-Added = {2015-02-16 04:44:06 +0000},
	Date-Modified = {2015-02-16 04:44:06 +0000},
	Keywords = {conv-traces},
	Publisher = {World Scientific},
	Title = {Differentiable Functions on Bad Domains},
	Year = {1997}}

@book{mikhailov78,
	Address = {Moscow},
	Author = {V. P. Mikhailov},
	Booktitle = {Partial Differential Equations},
	Date-Added = {2015-02-16 04:44:06 +0000},
	Date-Modified = {2015-02-16 04:44:06 +0000},
	Keywords = {conv-traces},
	Publisher = {Mir Publishers},
	Title = {Partial Differential Equations},
	Year = {1978}}

@book{natanson61,
	Author = {Isidor Pavlovich Natanson},
	Booktitle = {Theory of Functions of a Real Variable},
	Date-Added = {2015-02-16 04:44:06 +0000},
	Date-Modified = {2015-02-16 04:44:06 +0000},
	Publisher = {Frederick Ungar Publishing Company},
	Title = {Theory of Functions of a Real Variable},
	Year = {1961}}

@book{nikolskii75,
	Address = {New York-Heidelberg},
	Author = {S. M. Nikol'skii},
	Booktitle = {Approximation of Functions of Several Variables and Imbedding Theorems},
	Date-Added = {2015-02-16 04:44:06 +0000},
	Date-Modified = {2015-02-16 04:44:06 +0000},
	Keywords = {conv-traces},
	Publisher = {Springer-Verlag},
	Title = {Approximation of Functions of Several Variables and Imbedding Theorems},
	Year = {1975}}

@article{oleinik60,
	Author = {Oleinik, O. A.},
	Category = {papers},
	Date-Added = {2015-02-16 04:44:06 +0000},
	Date-Modified = {2015-03-20 16:58:36 +0000},
	Journal = {Doklady Akademii nauk SSSR},
	Pages = {1050--1057},
	Title = {A Method of Solution of the General {Stefan} Problem},
	Year = {1960}}

@book{ozisik93,
	Address = {New York, NY},
	Author = {M. Necati \"{O}zi\c{s}ik},
	Booktitle = {Heat Condition},
	Date-Added = {2015-02-16 04:44:06 +0000},
	Date-Modified = {2015-02-16 04:44:06 +0000},
	Publisher = {John Wiley \& Sons, Inc},
	Title = {Heat Conduction},
	Year = {1993}}

@book{rudin73,
	Author = {Walter Rudin},
	Date-Added = {2015-02-16 04:44:06 +0000},
	Date-Modified = {2015-02-16 04:44:06 +0000},
	Publisher = {McGraw-Hill},
	Title = {Functional Analysis},
	Year = {1973}}

@book{rudin76,
	Author = {Walter Rudin},
	Date-Added = {2015-02-16 04:44:06 +0000},
	Date-Modified = {2015-02-16 04:44:06 +0000},
	Edition = {3rd},
	Publisher = {McGraw-Hill},
	Series = {International Series in Pure and Applied Mathematics},
	Title = {Principles of Mathematical Analysis},
	Year = {1976}}

@book{sobolev63,
	Author = {S. L. Sobolev},
	Date-Added = {2015-02-16 04:44:06 +0000},
	Date-Modified = {2015-02-16 04:44:06 +0000},
	Keywords = {conv-traces},
	Publisher = {American Mathematical Society},
	Series = {Translations of Mathematical Monographs},
	Title = {Applications of Functional Analysis in Mathematical Physics},
	Volume = {7},
	Year = {1963}}

@book{sobolev64,
	Annote = {Translation of Uravneniia Matematicheskoi Fiziki},
	Author = {Sergei L'vovich Sobolev},
	Date-Added = {2015-02-16 04:44:06 +0000},
	Date-Modified = {2015-02-16 04:44:06 +0000},
	Editor = {E. R. Dawson and T. A. A. Broadbent},
	Publisher = {Pergamon Press, Ltd},
	Title = {Partial Differential Equations of Mathematical Physics},
	Year = {1964}}

@book{solonnikov64,
	Address = {Moscow-Leningrad},
	Author = {V. A. Solonnikov},
	Category = {papers},
	Date-Added = {2015-02-16 04:44:06 +0000},
	Date-Modified = {2015-03-20 16:59:07 +0000},
	Keywords = {abdulla12-papers},
	Pages = {133--212},
	Publisher = {Nauka},
	Series = {Trudy Matematischeskogo instituta im. V. A. Steklova},
	Title = {A-priori estimates for solutions of second-order equations of parabolic type},
	Volume = {70},
	Year = {1964},
	Bdsk-File-1 = {YnBsaXN0MDDSAQIDBFxyZWxhdGl2ZVBhdGhZYWxpYXNEYXRhXxA0Li4vLi4vLi4vLi4vZ3JhZC9kaXNzZXJ0YXRpb24vY2l0ZS9zb2xvbm5pa292NjRhLnBkZk8RAcYAAAAAAcYAAgAADE1hY2ludG9zaCBIRAAAAAAAAAAAAAAAAAAAANLSKrNIKwAAAB3pcxFzb2xvbm5pa292NjRhLnBkZgAAAAAAAAAAAAAAAAAAAAAAAAAAAAAAAAAAAAAAAAAAAAAAAAAAAAAAAAAAAAAAHe2nzbgKPgAAAAAAAAAAAAQABAAACSAAAAAAAAAAAAAAAAAAAAAEY2l0ZQAQAAgAANLScQMAAAARAAgAAM24Qn4AAAABABgAHelzAA4KpAAN/s0ABPneAAT53QACEsUAAgBUTWFjaW50b3NoIEhEOlVzZXJzOgBqZ29sZGZhcjoARG9jdW1lbnRzOgBncmFkOgBkaXNzZXJ0YXRpb246AGNpdGU6AHNvbG9ubmlrb3Y2NGEucGRmAA4AJAARAHMAbwBsAG8AbgBuAGkAawBvAHYANgA0AGEALgBwAGQAZgAPABoADABNAGEAYwBpAG4AdABvAHMAaAAgAEgARAASAEFVc2Vycy9qZ29sZGZhci9Eb2N1bWVudHMvZ3JhZC9kaXNzZXJ0YXRpb24vY2l0ZS9zb2xvbm5pa292NjRhLnBkZgAAEwABLwAAFQACAA///wAAAAgADQAaACQAWwAAAAAAAAIBAAAAAAAAAAUAAAAAAAAAAAAAAAAAAAIl}}

@article{solonnikov65,
	Author = {V. A. Solonnikov},
	Category = {papers},
	Date-Added = {2015-02-16 04:44:06 +0000},
	Date-Modified = {2015-03-20 16:59:21 +0000},
	Journal = {Proceedings of the Steklov Institute of Mathematics},
	Keywords = {abdulla12-papers},
	Pages = {1--184},
	Title = {On boundary value problems for linear parabolic systems of differential equations in general form},
	Volume = {83},
	Year = {1965},
	Bdsk-File-1 = {YnBsaXN0MDDSAQIDBFxyZWxhdGl2ZVBhdGhZYWxpYXNEYXRhXxA0Li4vLi4vLi4vLi4vZ3JhZC9kaXNzZXJ0YXRpb24vY2l0ZS9zb2xvbm5pa292NjVhLnBkZk8RAcYAAAAAAcYAAgAADE1hY2ludG9zaCBIRAAAAAAAAAAAAAAAAAAAANLSKrNIKwAAAB3pcxFzb2xvbm5pa292NjVhLnBkZgAAAAAAAAAAAAAAAAAAAAAAAAAAAAAAAAAAAAAAAAAAAAAAAAAAAAAAAAAAAAAAPRAQzbgKPwAAAAAAAAAAAAQABAAACSAAAAAAAAAAAAAAAAAAAAAEY2l0ZQAQAAgAANLScQMAAAARAAgAAM24Qn8AAAABABgAHelzAA4KpAAN/s0ABPneAAT53QACEsUAAgBUTWFjaW50b3NoIEhEOlVzZXJzOgBqZ29sZGZhcjoARG9jdW1lbnRzOgBncmFkOgBkaXNzZXJ0YXRpb246AGNpdGU6AHNvbG9ubmlrb3Y2NWEucGRmAA4AJAARAHMAbwBsAG8AbgBuAGkAawBvAHYANgA1AGEALgBwAGQAZgAPABoADABNAGEAYwBpAG4AdABvAHMAaAAgAEgARAASAEFVc2Vycy9qZ29sZGZhci9Eb2N1bWVudHMvZ3JhZC9kaXNzZXJ0YXRpb24vY2l0ZS9zb2xvbm5pa292NjVhLnBkZgAAEwABLwAAFQACAA///wAAAAgADQAaACQAWwAAAAAAAAIBAAAAAAAAAAUAAAAAAAAAAAAAAAAAAAIl}}

@article{vasilev63,
	Author = {F. P. Vasil'ev},
	Category = {papers},
	Date-Added = {2015-02-16 04:44:06 +0000},
	Date-Modified = {2015-03-20 16:59:46 +0000},
	Journal = {USSR Computational Mathematics and Mathematical Physics},
	Keywords = {paper-refs},
	Number = {5},
	Pages = {1175--1191},
	Title = {On finite difference methods for the solution of {Stefan}'s single-phase problem},
	Volume = {3},
	Year = {1963},
	Bdsk-File-1 = {YnBsaXN0MDDSAQIDBFxyZWxhdGl2ZVBhdGhZYWxpYXNEYXRhXxAyLi4vLi4vLi4vLi4vZ3JhZC9kaXNzZXJ0YXRpb24vY2l0ZS92YXNpbCdldjYzYS5wZGZPEQG+AAAAAAG+AAIAAAxNYWNpbnRvc2ggSEQAAAAAAAAAAAAAAAAAAADS0iqzSCsAAAAd6XMPdmFzaWwnZXY2M2EucGRmAAAAAAAAAAAAAAAAAAAAAAAAAAAAAAAAAAAAAAAAAAAAAAAAAAAAAAAAAAAAAAAAAB3uJc38f3oAAAAAAAAAAAAEAAQAAAkgAAAAAAAAAAAAAAAAAAAABGNpdGUAEAAIAADS0nEDAAAAEQAIAADN/Le6AAAAAQAYAB3pcwAOCqQADf7NAAT53gAE+d0AAhLFAAIAUk1hY2ludG9zaCBIRDpVc2VyczoAamdvbGRmYXI6AERvY3VtZW50czoAZ3JhZDoAZGlzc2VydGF0aW9uOgBjaXRlOgB2YXNpbCdldjYzYS5wZGYADgAgAA8AdgBhAHMAaQBsACcAZQB2ADYAMwBhAC4AcABkAGYADwAaAAwATQBhAGMAaQBuAHQAbwBzAGgAIABIAEQAEgA/VXNlcnMvamdvbGRmYXIvRG9jdW1lbnRzL2dyYWQvZGlzc2VydGF0aW9uL2NpdGUvdmFzaWwnZXY2M2EucGRmAAATAAEvAAAVAAIAD///AAAACAANABoAJABZAAAAAAAAAgEAAAAAAAAABQAAAAAAAAAAAAAAAAAAAhs=}}

@article{vasilev63a,
	Author = {F. P. Vasil'ev and A. B. Uspenskii},
	Category = {papers},
	Date-Added = {2015-02-16 04:44:06 +0000},
	Date-Modified = {2015-03-20 17:00:22 +0000},
	Journal = {USSR Computational Mathematics and Mathematical Physics},
	Keywords = {paper-refs},
	Number = {5},
	Pages = {1192--1208},
	Title = {A difference method for the solution of the two-phase {Stefan} problem},
	Volume = {3},
	Year = {1963},
	Bdsk-File-1 = {YnBsaXN0MDDSAQIDBFxyZWxhdGl2ZVBhdGhZYWxpYXNEYXRhXxAyLi4vLi4vLi4vLi4vZ3JhZC9kaXNzZXJ0YXRpb24vY2l0ZS92YXNpbCdldjYzYi5wZGZPEQG+AAAAAAG+AAIAAAxNYWNpbnRvc2ggSEQAAAAAAAAAAAAAAAAAAADS0iqzSCsAAAAd6XMPdmFzaWwnZXY2M2IucGRmAAAAAAAAAAAAAAAAAAAAAAAAAAAAAAAAAAAAAAAAAAAAAAAAAAAAAAAAAAAAAAAAAB3uJ838f3cAAAAAAAAAAAAEAAQAAAkgAAAAAAAAAAAAAAAAAAAABGNpdGUAEAAIAADS0nEDAAAAEQAIAADN/Le3AAAAAQAYAB3pcwAOCqQADf7NAAT53gAE+d0AAhLFAAIAUk1hY2ludG9zaCBIRDpVc2VyczoAamdvbGRmYXI6AERvY3VtZW50czoAZ3JhZDoAZGlzc2VydGF0aW9uOgBjaXRlOgB2YXNpbCdldjYzYi5wZGYADgAgAA8AdgBhAHMAaQBsACcAZQB2ADYAMwBiAC4AcABkAGYADwAaAAwATQBhAGMAaQBuAHQAbwBzAGgAIABIAEQAEgA/VXNlcnMvamdvbGRmYXIvRG9jdW1lbnRzL2dyYWQvZGlzc2VydGF0aW9uL2NpdGUvdmFzaWwnZXY2M2IucGRmAAATAAEvAAAVAAIAD///AAAACAANABoAJABZAAAAAAAAAgEAAAAAAAAABQAAAAAAAAAAAAAAAAAAAhs=}}

@article{vasilev68,
	Author = {F. P. Vasil'ev},
	Category = {papers},
	Date-Added = {2015-02-16 04:44:06 +0000},
	Date-Modified = {2015-03-20 17:01:00 +0000},
	Journal = {USSR Computational Mathematics and Mathematical Physics},
	Keywords = {paper-refs},
	Number = {1},
	Pages = {81--101},
	Title = {The method of straight lines for the solution of a one-phase problem of the {Stefan} type},
	Volume = {8},
	Year = {1968},
	Bdsk-File-1 = {YnBsaXN0MDDSAQIDBFxyZWxhdGl2ZVBhdGhZYWxpYXNEYXRhXxAxLi4vLi4vLi4vLi4vZ3JhZC9kaXNzZXJ0YXRpb24vY2l0ZS92YXNpbCdldjY4LnBkZk8RAboAAAAAAboAAgAADE1hY2ludG9zaCBIRAAAAAAAAAAAAAAAAAAAANLSKrNIKwAAAB3pcw52YXNpbCdldjY4LnBkZgAAAAAAAAAAAAAAAAAAAAAAAAAAAAAAAAAAAAAAAAAAAAAAAAAAAAAAAAAAAAAAAAAAHe4vzfx/fgAAAAAAAAAAAAQABAAACSAAAAAAAAAAAAAAAAAAAAAEY2l0ZQAQAAgAANLScQMAAAARAAgAAM38t74AAAABABgAHelzAA4KpAAN/s0ABPneAAT53QACEsUAAgBRTWFjaW50b3NoIEhEOlVzZXJzOgBqZ29sZGZhcjoARG9jdW1lbnRzOgBncmFkOgBkaXNzZXJ0YXRpb246AGNpdGU6AHZhc2lsJ2V2NjgucGRmAAAOAB4ADgB2AGEAcwBpAGwAJwBlAHYANgA4AC4AcABkAGYADwAaAAwATQBhAGMAaQBuAHQAbwBzAGgAIABIAEQAEgA+VXNlcnMvamdvbGRmYXIvRG9jdW1lbnRzL2dyYWQvZGlzc2VydGF0aW9uL2NpdGUvdmFzaWwnZXY2OC5wZGYAEwABLwAAFQACAA///wAAAAgADQAaACQAWAAAAAAAAAIBAAAAAAAAAAUAAAAAAAAAAAAAAAAAAAIW}}

@book{vasilev81,
	Address = {Moscow},
	Author = {F. P. Vasil'ev},
	Booktitle = {Methods to Solve Extreme Problems. Minimization Problems in Functional Spaces, Regularization, and Approximation},
	Date-Added = {2015-02-16 04:44:06 +0000},
	Date-Modified = {2015-02-16 04:44:06 +0000},
	Publisher = {Nauka},
	Title = {Methods to Solve Extreme Problems. Minimization Problems in Functional Spaces, Regularization, and Approximation},
	Year = {1981}}

@article{vasilev81a,
	Author = {F. P. Vasil'ev and M. D. Yachimovich},
	Category = {papers},
	Date-Added = {2015-02-16 04:44:06 +0000},
	Date-Modified = {2015-03-20 17:01:42 +0000},
	Journal = {USSR Computational Mathematics and Mathematical Physics},
	Keywords = {paper-refs},
	Number = {3},
	Pages = {248--253},
	Title = {An iterative regulariztion of {Newton}'s method},
	Volume = {21},
	Year = {1981},
	Bdsk-File-1 = {YnBsaXN0MDDSAQIDBFxyZWxhdGl2ZVBhdGhZYWxpYXNEYXRhXxAyLi4vLi4vLi4vLi4vZ3JhZC9kaXNzZXJ0YXRpb24vY2l0ZS92YXNpbCdldjgxYS5wZGZPEQG+AAAAAAG+AAIAAAxNYWNpbnRvc2ggSEQAAAAAAAAAAAAAAAAAAADS0iqzSCsAAAAd6XMPdmFzaWwnZXY4MWEucGRmAAAAAAAAAAAAAAAAAAAAAAAAAAAAAAAAAAAAAAAAAAAAAAAAAAAAAAAAAAAAAAAAAB3uMM38f3sAAAAAAAAAAAAEAAQAAAkgAAAAAAAAAAAAAAAAAAAABGNpdGUAEAAIAADS0nEDAAAAEQAIAADN/Le7AAAAAQAYAB3pcwAOCqQADf7NAAT53gAE+d0AAhLFAAIAUk1hY2ludG9zaCBIRDpVc2VyczoAamdvbGRmYXI6AERvY3VtZW50czoAZ3JhZDoAZGlzc2VydGF0aW9uOgBjaXRlOgB2YXNpbCdldjgxYS5wZGYADgAgAA8AdgBhAHMAaQBsACcAZQB2ADgAMQBhAC4AcABkAGYADwAaAAwATQBhAGMAaQBuAHQAbwBzAGgAIABIAEQAEgA/VXNlcnMvamdvbGRmYXIvRG9jdW1lbnRzL2dyYWQvZGlzc2VydGF0aW9uL2NpdGUvdmFzaWwnZXY4MWEucGRmAAATAAEvAAAVAAIAD///AAAACAANABoAJABZAAAAAAAAAgEAAAAAAAAABQAAAAAAAAAAAAAAAAAAAhs=}}

@article{vasilev87,
	Author = {F. P. Vasil'ev},
	Category = {papers},
	Date-Added = {2015-02-16 04:44:06 +0000},
	Date-Modified = {2015-03-20 17:01:55 +0000},
	Journal = {USSR Computational Mathematics and Mathematical Physics},
	Keywords = {paper-refs},
	Number = {5},
	Pages = {106--111},
	Title = {The use of unsmooth penalty functions in the regularization of unstable minimization problems},
	Volume = {27},
	Year = {1987},
	Bdsk-File-1 = {YnBsaXN0MDDSAQIDBFxyZWxhdGl2ZVBhdGhZYWxpYXNEYXRhXxAyLi4vLi4vLi4vLi4vZ3JhZC9kaXNzZXJ0YXRpb24vY2l0ZS92YXNpbCdldjg3YS5wZGZPEQG+AAAAAAG+AAIAAAxNYWNpbnRvc2ggSEQAAAAAAAAAAAAAAAAAAADS0iqzSCsAAAAd6XMPdmFzaWwnZXY4N2EucGRmAAAAAAAAAAAAAAAAAAAAAAAAAAAAAAAAAAAAAAAAAAAAAAAAAAAAAAAAAAAAAAAAAB3uMc38f3QAAAAAAAAAAAAEAAQAAAkgAAAAAAAAAAAAAAAAAAAABGNpdGUAEAAIAADS0nEDAAAAEQAIAADN/Le0AAAAAQAYAB3pcwAOCqQADf7NAAT53gAE+d0AAhLFAAIAUk1hY2ludG9zaCBIRDpVc2VyczoAamdvbGRmYXI6AERvY3VtZW50czoAZ3JhZDoAZGlzc2VydGF0aW9uOgBjaXRlOgB2YXNpbCdldjg3YS5wZGYADgAgAA8AdgBhAHMAaQBsACcAZQB2ADgANwBhAC4AcABkAGYADwAaAAwATQBhAGMAaQBuAHQAbwBzAGgAIABIAEQAEgA/VXNlcnMvamdvbGRmYXIvRG9jdW1lbnRzL2dyYWQvZGlzc2VydGF0aW9uL2NpdGUvdmFzaWwnZXY4N2EucGRmAAATAAEvAAAVAAIAD///AAAACAANABoAJABZAAAAAAAAAgEAAAAAAAAABQAAAAAAAAAAAAAAAAAAAhs=}}

@book{yosida96,
	Author = {Kosaku Yosida},
	Booktitle = {Functional Analysis},
	Date-Added = {2015-02-16 04:44:06 +0000},
	Date-Modified = {2015-02-16 04:44:06 +0000},
	Publisher = {Springer},
	Series = {Classics in Mathematics},
	Title = {Functional Analysis},
	Year = {1996}}

@book{alifanov95,
	Author = {O. M. Alifanov and E. A Artyukhin and S. V. Rumiantsev},
	Date-Added = {2015-02-16 04:44:00 +0000},
	Date-Modified = {2016-11-13 21:12:04 +0000},
	Keywords = {proposal},
	Publisher = {Begell Publ. House},
	Title = {Extreme Methods for Solving Ill-Posed Problems with Applications to Inverse Problems},
	Year = {1995}}

@book{ang02,
	Address = {Berlin},
	Author = {D.D. Ang and R. Gorenflo and V.K. Le and D.D. Trong},
	Date-Added = {2015-02-16 04:44:00 +0000},
	Date-Modified = {2015-02-16 04:44:00 +0000},
	Keywords = {proposal},
	Publisher = {Springer},
	Series = {Lecture Notes in Mathematics},
	Title = {{Moment theory and some inverse problems in potential theory and heat conduction}},
	Year = {2002}}

@book{ang04,
	Author = {D.D. Ang and R. Gorenflo and V.K. Le and D.D. Trong},
	Chapter = {Regularization of some inverse problems in heat conduction},
	Date-Added = {2015-02-16 04:44:00 +0000},
	Date-Modified = {2015-02-16 04:44:00 +0000},
	Keywords = {proposal},
	Pages = {147--169},
	Publisher = {Springer},
	Title = {{Moment theory and some inverse problems in potential theory and heat conduction}},
	Volume = {1792},
	Year = {2004}}

@article{ang95,
	Author = {D.D. Ang and A. Pham Ngoc Ding and D.N. Thanh},
	Date-Added = {2015-02-16 04:44:00 +0000},
	Date-Modified = {2015-02-16 04:44:00 +0000},
	Journal = {Journal of Computational and Applied Mathematics},
	Keywords = {proposal},
	Pages = {75--84},
	Title = {An inverse {Stefan} problem: identification of boundary value},
	Volume = {66},
	Year = {1995}}

@article{ang97,
	Author = {D.D. Ang and A. Pham Ngoc Ding and D.N. Thanh},
	Date-Added = {2015-02-16 04:44:00 +0000},
	Date-Modified = {2015-02-16 04:44:00 +0000},
	Journal = {Inverse Problems},
	Keywords = {proposal},
	Pages = {607--619},
	Title = {Regularization of a two-dimensional two-phase inverse {Stefan} problem},
	Volume = {13},
	Year = {1997}}

@article{ang97a,
	Author = {D.D. Ang and A. Pham Ngoc Ding and D.N. Thanh},
	Date-Added = {2015-02-16 04:44:00 +0000},
	Date-Modified = {2015-02-16 04:44:00 +0000},
	Journal = {Journal of Computational and Applied Mathematics},
	Keywords = {proposal},
	Pages = {227--240},
	Title = {A bidimensional inverse {Stefan} problem: Identification of boundary value},
	Volume = {80},
	Year = {1997}}

@article{ang98,
	Author = {D.D. Ang and A. Pham Ngoc Ding and D.N. Thanh},
	Date-Added = {2015-02-16 04:44:00 +0000},
	Date-Modified = {2015-02-16 04:44:00 +0000},
	Journal = {Nonlinear Anal. Th. Meth. Appl},
	Keywords = {proposal},
	Pages = {719--731},
	Title = {Regularization of an inverse two-phase {Stefan} problem},
	Volume = {34},
	Year = {1998}}

@article{arnautu91,
	Author = {V. Arnautu},
	Date-Added = {2015-02-16 04:44:00 +0000},
	Date-Modified = {2015-02-16 04:44:00 +0000},
	Journal = {ISNM},
	Keywords = {proposal},
	Pages = {69--81},
	Title = {On the approximation of the {Inverse Stefan Problem}},
	Volume = {99},
	Year = {1991}}

@article{bachelis79,
	Author = {R.D. Bachelis and V.G. Melamed},
	Date-Added = {2015-02-16 04:44:00 +0000},
	Date-Modified = {2015-02-16 04:44:00 +0000},
	Journal = {J. Comput. Math. Math Phys},
	Keywords = {proposal},
	Pages = {828--829},
	Title = {On Solution of Quasilinear Two-phase Problem of the {Stefan} Type by {Rothe} Method under Weak Conditions for Input Data},
	Volume = {12},
	Year = {1979}}

@article{barbu90,
	Author = {V. Barbu},
	Date-Added = {2015-02-16 04:44:00 +0000},
	Date-Modified = {2015-02-16 04:44:00 +0000},
	Journal = {ISNM},
	Keywords = {proposal},
	Number = {33--43},
	Title = {The approximate solvability of inverse one-phase {Stefan} problem},
	Volume = {99},
	Year = {1990}}

@article{baumeister80,
	Author = {J. Baumeister},
	Date-Added = {2015-02-16 04:44:00 +0000},
	Date-Modified = {2015-02-16 04:44:00 +0000},
	Journal = {ZAMM},
	Keywords = {proposal},
	Pages = {335--339},
	Title = {Zur optimal {Steuerung} von frien {Randwertausgaben}},
	Volume = {60},
	Year = {1980}}

@book{beck85,
	Author = {J.V. Beck and B. Blackwell and C.R. St. Clair},
	Date-Added = {2015-02-16 04:44:00 +0000},
	Date-Modified = {2015-02-16 04:44:00 +0000},
	Keywords = {proposal},
	Publisher = {Wiley-Interscience},
	Title = {Inverse Heat Conduction. Ill-Posed Problems},
	Year = {1985}}

@article{bell81,
	Author = {J. B. Bell},
	Date-Added = {2015-02-16 04:44:00 +0000},
	Date-Modified = {2017-06-09 17:34:52 +0000},
	Journal = {SIAM Journal on Mathematical Analysis},
	Keywords = {proposal},
	Number = {5},
	Pages = {759--777},
	Title = {The Non-Characteristic {Cauchy} Problem for a Class of Equations with Time Dependence. {I.} {P}roblem in One Space Dimension},
	Volume = {12},
	Year = {1981}}

@book{bernard92,
	Author = {C. Bernard and M.M Rosset-Louerat and X.F. Wang},
	Chapter = {Inverse problem: Identification of a melting front in the {2D} case},
	Date-Added = {2015-02-16 04:44:00 +0000},
	Date-Modified = {2015-02-16 04:44:00 +0000},
	Keywords = {proposal},
	Publisher = {Birkh\"auser Verlag},
	Title = {Optimization, Optimal Control and Partial Differential Equations},
	Year = {1992}}

@article{bernstein38,
	Author = {S.N. Bernstein},
	Date-Added = {2015-02-16 04:44:00 +0000},
	Date-Modified = {2015-02-16 04:44:00 +0000},
	Journal = {Dokl. Akd. Nauk SSSR},
	Keywords = {proposal},
	Pages = {383--388},
	Title = {Restriction of Absolute Values of Derivatives of Solutions to Equations of the Parabolic Type},
	Volume = {18},
	Year = {1938}}

@article{blanchard90,
	Author = {D. Blanchard and H. Guidouche},
	Date-Added = {2015-02-16 04:44:00 +0000},
	Date-Modified = {2015-02-16 04:44:00 +0000},
	Journal = {European J. Appl. Math},
	Keywords = {proposal},
	Pages = {91--100},
	Title = {A Nonlinear System for Irreversible Phase Changes},
	Volume = {1},
	Year = {1990}}

@article{borukhov00,
	Author = {V.T. Borukhov and P.N. Vabishchevich},
	Date-Added = {2015-02-16 04:44:00 +0000},
	Date-Modified = {2015-02-16 04:44:00 +0000},
	Journal = {Computer Physics Communications},
	Keywords = {proposal},
	Pages = {32--36},
	Title = {Numerical Solution of the inverse Problem of reconstructing a distributed right-hand side of a parabolic equation},
	Volume = {126},
	Year = {2000}}

@article{botkin95,
	Author = {N.D. Botkin},
	Date-Added = {2015-02-16 04:44:00 +0000},
	Date-Modified = {2015-02-16 04:44:00 +0000},
	Journal = {Numer. Funct. Anal. and Optimiz},
	Keywords = {proposal},
	Pages = {583--599},
	Title = {Identification of Unknown Parameters for Heat Conductivity Equations},
	Volume = {16},
	Year = {1995}}

@article{bregman65,
	Author = {L.M. Bregman},
	Date-Added = {2015-02-16 04:44:00 +0000},
	Date-Modified = {2015-02-16 04:44:00 +0000},
	Journal = {Dokl. Akd. Nauk SSSR},
	Keywords = {proposal},
	Pages = {487--490},
	Title = {Finding the Common Point of Convex Sets by the Method of Successive Projection},
	Volume = {162},
	Year = {1965}}

@article{budak65,
	Author = {B.M. Budak and F.P. Vasil'ev and A.B. Uspenskii},
	Date-Added = {2015-02-16 04:44:00 +0000},
	Date-Modified = {2015-02-16 04:44:00 +0000},
	Journal = {Numerical Methods in Gas Dynamics},
	Keywords = {proposal},
	Pages = {139--183},
	Title = {Difference Methods of Solving Some Boundary-Value Problems of the Stefan Type},
	Volume = {4},
	Year = {1965}}

@article{budak66,
	Author = {B.M. Budak and N.L. Gol'dman and A.B. Uspenskii},
	Date-Added = {2015-02-16 04:44:00 +0000},
	Date-Modified = {2015-02-16 04:44:00 +0000},
	Journal = {Dokl. Akad. Nauk SSSR},
	Keywords = {proposal},
	Pages = {735--738},
	Title = {Difference Schemes with Straightening Phase Boundaries for Solving Multi-Phase Problems of the {Stefan} Type},
	Volume = {167},
	Year = {1966}}

@article{budak69,
	Author = {B.M. Budak and A.B. Uspenskii},
	Date-Added = {2015-02-16 04:44:00 +0000},
	Date-Modified = {2015-02-16 04:44:00 +0000},
	Journal = {J. Comput. Math. Math Phys},
	Keywords = {proposal},
	Pages = {1299--1315},
	Title = {Difference Method with Straightening Phase Boundaries for Solving Problems of The Stefan Type},
	Volume = {9},
	Year = {1969}}

@article{budak72,
	Author = {B. M. Budak and V. N. Vasileva},
	Date-Added = {2015-02-16 04:44:00 +0000},
	Date-Modified = {2015-02-16 04:44:00 +0000},
	Journal = {Soviet Mathematics Doklady},
	Keywords = {proposal},
	Pages = {811--815},
	Title = {On the solution of the inverse {Stefan} problem},
	Volume = {13},
	Year = {1972}}

@article{budak72a,
	Author = {B.M. Budak and V.N. Vasil'eva},
	Date-Added = {2015-02-16 04:44:00 +0000},
	Date-Modified = {2015-02-16 04:44:00 +0000},
	Journal = {Dokl. Akad. Nauk SSSR},
	Keywords = {proposal},
	Pages = {1292--1295},
	Title = {On Solution of the Inverse Stefan Problem},
	Year = {1972}}

@article{budak72b,
	Author = {B.M. Budak and N.L. Gol'dman and A.B. Uspenskii},
	Date-Added = {2015-02-16 04:44:00 +0000},
	Date-Modified = {2015-02-16 04:44:00 +0000},
	Journal = {Solutions of Problems of The Stefan Type},
	Keywords = {proposal},
	Pages = {3--23},
	Title = {The {Rothe} Method with Straightening Phase Boundaries for Solving Problems of the {Stefan} Type without the Agreement Condition for Input Data},
	Year = {1972}}

@article{budak73,
	Author = {B. M. Budak and V. N. Vasileva},
	Category = {papers},
	Date-Added = {2015-02-16 04:44:00 +0000},
	Date-Modified = {2015-03-20 16:47:23 +0000},
	Journal = {USSR Computational Mathematics and Mathematical Physics},
	Keywords = {paper-refs; proposal},
	Pages = {97--110},
	Title = {On the solution of {Stefan}'s converse problem {II}},
	Volume = {13},
	Year = {1973},
	Bdsk-File-1 = {YnBsaXN0MDDSAQIDBFxyZWxhdGl2ZVBhdGhZYWxpYXNEYXRhXxAvLi4vLi4vLi4vLi4vZ3JhZC9kaXNzZXJ0YXRpb24vY2l0ZS9idWRhazczYS5wZGZPEQGyAAAAAAGyAAIAAAxNYWNpbnRvc2ggSEQAAAAAAAAAAAAAAAAAAADS0iqzSCsAAAAd6XMMYnVkYWs3M2EucGRmAAAAAAAAAAAAAAAAAAAAAAAAAAAAAAAAAAAAAAAAAAAAAAAAAAAAAAAAAAAAAAAAAAAAAB3q3c24Cj0AAAAAAAAAAAAEAAQAAAkgAAAAAAAAAAAAAAAAAAAABGNpdGUAEAAIAADS0nEDAAAAEQAIAADNuEJ9AAAAAQAYAB3pcwAOCqQADf7NAAT53gAE+d0AAhLFAAIAT01hY2ludG9zaCBIRDpVc2VyczoAamdvbGRmYXI6AERvY3VtZW50czoAZ3JhZDoAZGlzc2VydGF0aW9uOgBjaXRlOgBidWRhazczYS5wZGYAAA4AGgAMAGIAdQBkAGEAawA3ADMAYQAuAHAAZABmAA8AGgAMAE0AYQBjAGkAbgB0AG8AcwBoACAASABEABIAPFVzZXJzL2pnb2xkZmFyL0RvY3VtZW50cy9ncmFkL2Rpc3NlcnRhdGlvbi9jaXRlL2J1ZGFrNzNhLnBkZgATAAEvAAAVAAIAD///AAAACAANABoAJABWAAAAAAAAAgEAAAAAAAAABQAAAAAAAAAAAAAAAAAAAgw=}}

@article{budak74,
	Author = {B. M. Budak and V. N. Vasileva},
	Category = {papers},
	Date-Added = {2015-02-16 04:44:00 +0000},
	Date-Modified = {2015-03-20 16:47:50 +0000},
	Doi = {10.1016/0041-5553(74)90010-X},
	Journal = {USSR Computational Mathematics and Mathematical Physics},
	Keywords = {abdulla12-papers; proposal},
	Number = {1},
	Pages = {130--151},
	Title = {The solution of the inverse {Stefan} problem},
	Volume = {13},
	Year = {1974},
	Bdsk-File-1 = {YnBsaXN0MDDSAQIDBFxyZWxhdGl2ZVBhdGhZYWxpYXNEYXRhXxBBLi4vLi4vLi4vLi4vbm90ZXMvaW5kZXBlbmRlbnQvcGFwZXJzL2FiZHVsbGExMi1wYXBlcnMvYnVkYWs3NC5wZGZPEQHkAAAAAAHkAAIAAAxNYWNpbnRvc2ggSEQAAAAAAAAAAAAAAAAAAADNZNKaSCsAAAIyzL4LYnVkYWs3NC5wZGYAAAAAAAAAAAAAAAAAAAAAAAAAAAAAAAAAAAAAAAAAAAAAAAAAAAAAAAAAAAAAAAAAAAAAAjLMws24Cj0AAAAAAAAAAAAEAAUAAAkgAAAAAAAAAAAAAAAAAAAAEGFiZHVsbGExMi1wYXBlcnMAEAAIAADNZQraAAAAEQAIAADNuEJ9AAAAAQAcAjLMvgIyyuoCMsoeAA2uSwAQMToABcRtAAIQ6QACAGJNYWNpbnRvc2ggSEQ6VXNlcnM6AGpnb2xkZmFyOgBEb2N1bWVudHM6AG5vdGVzOgBpbmRlcGVuZGVudDoAcGFwZXJzOgBhYmR1bGxhMTItcGFwZXJzOgBidWRhazc0LnBkZgAOABgACwBiAHUAZABhAGsANwA0AC4AcABkAGYADwAaAAwATQBhAGMAaQBuAHQAbwBzAGgAIABIAEQAEgBOVXNlcnMvamdvbGRmYXIvRG9jdW1lbnRzL25vdGVzL2luZGVwZW5kZW50L3BhcGVycy9hYmR1bGxhMTItcGFwZXJzL2J1ZGFrNzQucGRmABMAAS8AABUAAgAP//8AAAAIAA0AGgAkAGgAAAAAAAACAQAAAAAAAAAFAAAAAAAAAAAAAAAAAAACUA==},
	Bdsk-File-2 = {YnBsaXN0MDDSAQIDBFxyZWxhdGl2ZVBhdGhZYWxpYXNEYXRhXxBCLi4vLi4vLi4vLi4vbm90ZXMvaW5kZXBlbmRlbnQvcGFwZXJzL2FiZHVsbGExMi1wYXBlcnMvYnVkYWs3NGEucGRmTxEB6gAAAAAB6gACAAAMTWFjaW50b3NoIEhEAAAAAAAAAAAAAAAAAAAAzWTSmkgrAAACMsy+DGJ1ZGFrNzRhLnBkZgAAAAAAAAAAAAAAAAAAAAAAAAAAAAAAAAAAAAAAAAAAAAAAAAAAAAAAAAAAAAAAAAAAAAIyzMPNuAo+AAAAAAAAAAAABAAFAAAJIAAAAAAAAAAAAAAAAAAAABBhYmR1bGxhMTItcGFwZXJzABAACAAAzWUK2gAAABEACAAAzbhCfgAAAAEAHAIyzL4CMsrqAjLKHgANrksAEDE6AAXEbQACEOkAAgBjTWFjaW50b3NoIEhEOlVzZXJzOgBqZ29sZGZhcjoARG9jdW1lbnRzOgBub3RlczoAaW5kZXBlbmRlbnQ6AHBhcGVyczoAYWJkdWxsYTEyLXBhcGVyczoAYnVkYWs3NGEucGRmAAAOABoADABiAHUAZABhAGsANwA0AGEALgBwAGQAZgAPABoADABNAGEAYwBpAG4AdABvAHMAaAAgAEgARAASAE9Vc2Vycy9qZ29sZGZhci9Eb2N1bWVudHMvbm90ZXMvaW5kZXBlbmRlbnQvcGFwZXJzL2FiZHVsbGExMi1wYXBlcnMvYnVkYWs3NGEucGRmAAATAAEvAAAVAAIAD///AAAACAANABoAJABpAAAAAAAAAgEAAAAAAAAABQAAAAAAAAAAAAAAAAAAAlc=},
	Bdsk-Url-1 = {http://dx.doi.org/10.1016/0041-5553(74)90010-X}}

@article{cannon64,
	Author = {J. R. Cannon},
	Category = {papers},
	Date-Added = {2015-02-16 04:44:00 +0000},
	Date-Modified = {2015-03-20 16:47:58 +0000},
	Doi = {10.1007/BF02412441},
	Journal = {Annali di Matematica Pura Ed Applicata},
	Keywords = {paper-refs; proposal},
	Number = {1},
	Pages = {155-165},
	Title = {A {Cauchy} Problem for the Heat Equation},
	Volume = {66},
	Year = {1964},
	Bdsk-File-1 = {YnBsaXN0MDDSAQIDBFxyZWxhdGl2ZVBhdGhZYWxpYXNEYXRhXxAvLi4vLi4vLi4vLi4vZ3JhZC9kaXNzZXJ0YXRpb24vY2l0ZS9jYW5ub242NC5wZGZPEQGyAAAAAAGyAAIAAAxNYWNpbnRvc2ggSEQAAAAAAAAAAAAAAAAAAADS0iqzSCsAAAAd6XMMY2Fubm9uNjQucGRmAAAAAAAAAAAAAAAAAAAAAAAAAAAAAAAAAAAAAAAAAAAAAAAAAAAAAAAAAAAAAAAAAAAAAB3q7s24ChkAAAAAAAAAAAAEAAQAAAkgAAAAAAAAAAAAAAAAAAAABGNpdGUAEAAIAADS0nEDAAAAEQAIAADNuEJZAAAAAQAYAB3pcwAOCqQADf7NAAT53gAE+d0AAhLFAAIAT01hY2ludG9zaCBIRDpVc2VyczoAamdvbGRmYXI6AERvY3VtZW50czoAZ3JhZDoAZGlzc2VydGF0aW9uOgBjaXRlOgBjYW5ub242NC5wZGYAAA4AGgAMAGMAYQBuAG4AbwBuADYANAAuAHAAZABmAA8AGgAMAE0AYQBjAGkAbgB0AG8AcwBoACAASABEABIAPFVzZXJzL2pnb2xkZmFyL0RvY3VtZW50cy9ncmFkL2Rpc3NlcnRhdGlvbi9jaXRlL2Nhbm5vbjY0LnBkZgATAAEvAAAVAAIAD///AAAACAANABoAJABWAAAAAAAAAgEAAAAAAAAABQAAAAAAAAAAAAAAAAAAAgw=},
	Bdsk-Url-1 = {http://dx.doi.org/10.1007/BF02412441}}

@article{cannon67,
	Author = {J. R. Cannon and J. Douglas Jr.},
	Category = {papers},
	Date-Added = {2015-02-16 04:44:00 +0000},
	Date-Modified = {2017-06-09 17:34:09 +0000},
	Journal = {SIAM Journal on Numerical Analysis},
	Keywords = {paper-refs; proposal},
	Number = {3},
	Pages = {317--336},
	Title = {The {Cauchy} problem for the heat equation},
	Volume = {4},
	Year = {1967},
	Bdsk-File-1 = {YnBsaXN0MDDSAQIDBFxyZWxhdGl2ZVBhdGhZYWxpYXNEYXRhXxAvLi4vLi4vLi4vLi4vZ3JhZC9kaXNzZXJ0YXRpb24vY2l0ZS9jYW5ub242Ny5wZGZPEQGyAAAAAAGyAAIAAAxNYWNpbnRvc2ggSEQAAAAAAAAAAAAAAAAAAADS0iqzSCsAAAAd6XMMY2Fubm9uNjcucGRmAAAAAAAAAAAAAAAAAAAAAAAAAAAAAAAAAAAAAAAAAAAAAAAAAAAAAAAAAAAAAAAAAAAAAB3q8c24ChoAAAAAAAAAAAAEAAQAAAkgAAAAAAAAAAAAAAAAAAAABGNpdGUAEAAIAADS0nEDAAAAEQAIAADNuEJaAAAAAQAYAB3pcwAOCqQADf7NAAT53gAE+d0AAhLFAAIAT01hY2ludG9zaCBIRDpVc2VyczoAamdvbGRmYXI6AERvY3VtZW50czoAZ3JhZDoAZGlzc2VydGF0aW9uOgBjaXRlOgBjYW5ub242Ny5wZGYAAA4AGgAMAGMAYQBuAG4AbwBuADYANwAuAHAAZABmAA8AGgAMAE0AYQBjAGkAbgB0AG8AcwBoACAASABEABIAPFVzZXJzL2pnb2xkZmFyL0RvY3VtZW50cy9ncmFkL2Rpc3NlcnRhdGlvbi9jaXRlL2Nhbm5vbjY3LnBkZgATAAEvAAAVAAIAD///AAAACAANABoAJABWAAAAAAAAAgEAAAAAAAAABQAAAAAAAAAAAAAAAAAAAgw=}}

@article{cannon76,
	Author = {J.R. Cannon},
	Date-Added = {2015-02-16 04:44:00 +0000},
	Date-Modified = {2015-02-16 04:44:00 +0000},
	Journal = {J. Math. Anal. Appl},
	Keywords = {proposal},
	Pages = {7--17},
	Title = {A Direct Numerical Procedure for the {Cauchy} Problem for the Heat Equation},
	Volume = {56},
	Year = {1976}}

@article{carasso82,
	Author = {A. Carasso},
	Date-Added = {2015-02-16 04:44:00 +0000},
	Date-Modified = {2017-06-09 17:33:42 +0000},
	Journal = {SIAM Journal on Applied Mathematics},
	Keywords = {proposal},
	Number = {3},
	Pages = {558--574},
	Title = {Determining Surface Temperatures from Interior Observations},
	Volume = {42},
	Year = {1982}}

@article{carrera86,
	Author = {J. Carrera and S.P. Neuman},
	Date-Added = {2015-02-16 04:44:00 +0000},
	Date-Modified = {2015-02-16 04:44:00 +0000},
	Journal = {Water Resour. Res},
	Keywords = {proposal},
	Pages = {199--210},
	Title = {Estimation of Aquifer Parameters under Transient and Steady State Conditions},
	Volume = {22},
	Year = {1986}}

@article{colli93,
	Author = {P. Colli and K.H. Hoffmann},
	Date-Added = {2015-02-16 04:44:00 +0000},
	Date-Modified = {2015-02-16 04:44:00 +0000},
	Journal = {Numer. Funct. Anal. and Optimiz},
	Keywords = {proposal},
	Pages = {275--297},
	Title = {A Nonlinear Evolution Problem Describing Multi-component Phase Changes with Dissipation},
	Volume = {14},
	Year = {1993}}

@article{colton84,
	Author = {D. Colton and R. Reemtsen},
	Date-Added = {2015-02-16 04:44:00 +0000},
	Date-Modified = {2015-02-16 04:44:00 +0000},
	Journal = {SIAM Journal on Applied Mathematics},
	Keywords = {proposal},
	Pages = {996--1013},
	Title = {A numerical method for solving the inverse {Stefan} problem in two space variables},
	Volume = {44},
	Year = {1984}}

@book{cozdoba92,
	Address = {Kiev},
	Author = {L.A. Cozdoba},
	Date-Added = {2015-02-16 04:44:00 +0000},
	Date-Modified = {2015-02-16 04:44:00 +0000},
	Keywords = {proposal},
	Publisher = {Scientific Publisher},
	Title = {Numerical Thermophysics},
	Year = {1992}}

@book{crank84,
	Address = {Oxford},
	Author = {J. Crank},
	Date-Added = {2015-02-16 04:44:00 +0000},
	Date-Modified = {2015-02-16 04:44:00 +0000},
	Keywords = {proposal},
	Publisher = {Clarendon Press},
	Title = {Free and Moving Boundary Problems},
	Year = {1984}}

@book{denisov94,
	Author = {A.M. Denisov},
	Date-Added = {2015-02-16 04:44:00 +0000},
	Date-Modified = {2015-02-16 04:44:00 +0000},
	Keywords = {proposal},
	Publisher = {Moscow State University Press},
	Title = {Introduction in Theory of Inverse Problems},
	Year = {1994}}

@article{egger05,
	Author = {H. Egger and H.W. Engl and M.V. Klibanov},
	Date-Added = {2015-02-16 04:44:00 +0000},
	Date-Modified = {2015-02-16 04:44:00 +0000},
	Journal = {Inverse Problems},
	Keywords = {proposal},
	Pages = {271--290},
	Title = {Global Uniqueness and {Holder} Stability for Recovering a Non-linear Source Term in a Parabolic Equation},
	Volume = {21},
	Year = {2005}}

@article{emery93,
	Author = {A.F. Emery and T.D. Fadale and A.V. Nenarokomov},
	Date-Added = {2015-02-16 04:44:00 +0000},
	Date-Modified = {2015-02-16 04:44:00 +0000},
	Journal = {ASME Papers},
	Keywords = {proposal},
	Title = {Specification of Optimal Sensor Location Based on Information and Sensitivity Analysis},
	Volume = {93},
	Year = {1993}}

@article{engl86,
	Author = {H.W. Engl and T. Langthaler and P. Manselli},
	Date-Added = {2015-02-16 04:44:00 +0000},
	Date-Modified = {2015-02-16 04:44:00 +0000},
	Journal = {Institutsbericht, J. Kepler Universitat Linz},
	Keywords = {proposal},
	Title = {On an Inverse Problem for a Nonlinear Heat Equation Connected with a Continuous Casting of Steel},
	Volume = {39},
	Year = {1986}}

@book{evans92,
	Author = {Lawrence C. Evans and Ronald F. Gariepy},
	Booktitle = {Measure Theory and Fine Properties of Functions},
	Date-Added = {2015-02-16 04:44:00 +0000},
	Date-Modified = {2015-02-16 04:44:00 +0000},
	Keywords = {morrey-indep; conv-traces},
	Publisher = {CRC Press},
	Series = {Studies in Advanced Mathematics},
	Title = {Measure Theory and Fine Properties of Functions},
	Year = {1992}}

@book{evans98,
	Author = {L. C. Evans},
	Booktitle = {Partial Differential Equations},
	Date-Added = {2015-02-16 04:44:00 +0000},
	Date-Modified = {2017-06-09 17:33:08 +0000},
	Keywords = {morrey-indep; conv-traces},
	Publisher = {American Mathematical Society},
	Series = {Graduate Studies in Mathematics},
	Title = {Partial Differential Equations},
	Volume = {19},
	Year = {1998}}

@article{ewing79,
	Author = {R. E. Ewing},
	Category = {papers},
	Date-Added = {2015-02-16 04:44:00 +0000},
	Date-Modified = {2017-06-09 17:33:17 +0000},
	Doi = {10.1016/0022-247X(79)90223-3},
	Journal = {Journal of Mathematical Analysis and Applications},
	Keywords = {proposal},
	Number = {1},
	Pages = {167--186},
	Title = {The {Cauchy} problem for a linear parabolic equation},
	Volume = {71},
	Year = {1979},
	Bdsk-File-1 = {YnBsaXN0MDDSAQIDBFxyZWxhdGl2ZVBhdGhZYWxpYXNEYXRhXxAuLi4vLi4vLi4vLi4vZ3JhZC9kaXNzZXJ0YXRpb24vY2l0ZS9ld2luZzc5LnBkZk8RAa4AAAAAAa4AAgAADE1hY2ludG9zaCBIRAAAAAAAAAAAAAAAAAAAANLSKrNIKwAAAB3pcwtld2luZzc5LnBkZgAAAAAAAAAAAAAAAAAAAAAAAAAAAAAAAAAAAAAAAAAAAAAAAAAAAAAAAAAAAAAAAAAAAAAAHes0zbgKGwAAAAAAAAAAAAQABAAACSAAAAAAAAAAAAAAAAAAAAAEY2l0ZQAQAAgAANLScQMAAAARAAgAAM24QlsAAAABABgAHelzAA4KpAAN/s0ABPneAAT53QACEsUAAgBOTWFjaW50b3NoIEhEOlVzZXJzOgBqZ29sZGZhcjoARG9jdW1lbnRzOgBncmFkOgBkaXNzZXJ0YXRpb246AGNpdGU6AGV3aW5nNzkucGRmAA4AGAALAGUAdwBpAG4AZwA3ADkALgBwAGQAZgAPABoADABNAGEAYwBpAG4AdABvAHMAaAAgAEgARAASADtVc2Vycy9qZ29sZGZhci9Eb2N1bWVudHMvZ3JhZC9kaXNzZXJ0YXRpb24vY2l0ZS9ld2luZzc5LnBkZgAAEwABLwAAFQACAA///wAAAAgADQAaACQAVQAAAAAAAAIBAAAAAAAAAAUAAAAAAAAAAAAAAAAAAAIH},
	Bdsk-Url-1 = {http://dx.doi.org/10.1016/0022-247X(79)90223-3}}

@article{ewing79a,
	Author = {R. E. Ewing and R. S. Falk},
	Date-Added = {2015-02-16 04:44:00 +0000},
	Date-Modified = {2017-06-09 17:32:53 +0000},
	Journal = {Mathematics of Computation},
	Keywords = {proposal},
	Number = {148},
	Pages = {1125--1144},
	Title = {Numerical Approximation of a {Cauchy} problem for a Parabolic Partial Differential Equations},
	Volume = {33},
	Year = {1979}}

@article{fasano71,
	Author = {A. Fasano},
	Date-Added = {2015-02-16 04:44:00 +0000},
	Date-Modified = {2015-02-16 04:44:00 +0000},
	Journal = {Boll. U.M.I.},
	Keywords = {proposal},
	Pages = {848--856},
	Title = {Un esmpio di controllo optimale in un problema del tipo di Stefan},
	Volume = {4},
	Year = {1971}}

@article{fasano77,
	Author = {A. Fasano and M. Primicerio},
	Category = {papers},
	Date-Added = {2015-02-16 04:44:00 +0000},
	Date-Modified = {2015-03-20 16:49:45 +0000},
	Journal = {Journal of Mathematical Analysis and Applications},
	Keywords = {proposal},
	Number = {3},
	Pages = {694--723},
	Title = {General Free Boundary Problems for Heat Equations},
	Volume = {57},
	Year = {1977},
	Bdsk-File-1 = {YnBsaXN0MDDSAQIDBFxyZWxhdGl2ZVBhdGhZYWxpYXNEYXRhXxAvLi4vLi4vLi4vLi4vZ3JhZC9kaXNzZXJ0YXRpb24vY2l0ZS9mYXNhbm83Ny5wZGZPEQGyAAAAAAGyAAIAAAxNYWNpbnRvc2ggSEQAAAAAAAAAAAAAAAAAAADS0iqzSCsAAAAd6XMMZmFzYW5vNzcucGRmAAAAAAAAAAAAAAAAAAAAAAAAAAAAAAAAAAAAAAAAAAAAAAAAAAAAAAAAAAAAAAAAAAAAAB3rNc24ChwAAAAAAAAAAAAEAAQAAAkgAAAAAAAAAAAAAAAAAAAABGNpdGUAEAAIAADS0nEDAAAAEQAIAADNuEJcAAAAAQAYAB3pcwAOCqQADf7NAAT53gAE+d0AAhLFAAIAT01hY2ludG9zaCBIRDpVc2VyczoAamdvbGRmYXI6AERvY3VtZW50czoAZ3JhZDoAZGlzc2VydGF0aW9uOgBjaXRlOgBmYXNhbm83Ny5wZGYAAA4AGgAMAGYAYQBzAGEAbgBvADcANwAuAHAAZABmAA8AGgAMAE0AYQBjAGkAbgB0AG8AcwBoACAASABEABIAPFVzZXJzL2pnb2xkZmFyL0RvY3VtZW50cy9ncmFkL2Rpc3NlcnRhdGlvbi9jaXRlL2Zhc2Fubzc3LnBkZgATAAEvAAAVAAIAD///AAAACAANABoAJABWAAAAAAAAAgEAAAAAAAAABQAAAAAAAAAAAAAAAAAAAgw=},
	Bdsk-File-2 = {YnBsaXN0MDDSAQIDBFxyZWxhdGl2ZVBhdGhZYWxpYXNEYXRhXxAwLi4vLi4vLi4vLi4vZ3JhZC9kaXNzZXJ0YXRpb24vY2l0ZS9mYXNhbm83N2EucGRmTxEBtgAAAAABtgACAAAMTWFjaW50b3NoIEhEAAAAAAAAAAAAAAAAAAAA0tIqs0grAAAAHelzDWZhc2Fubzc3YS5wZGYAAAAAAAAAAAAAAAAAAAAAAAAAAAAAAAAAAAAAAAAAAAAAAAAAAAAAAAAAAAAAAAAAAAAd6znNuAocAAAAAAAAAAAABAAEAAAJIAAAAAAAAAAAAAAAAAAAAARjaXRlABAACAAA0tJxAwAAABEACAAAzbhCXAAAAAEAGAAd6XMADgqkAA3+zQAE+d4ABPndAAISxQACAFBNYWNpbnRvc2ggSEQ6VXNlcnM6AGpnb2xkZmFyOgBEb2N1bWVudHM6AGdyYWQ6AGRpc3NlcnRhdGlvbjoAY2l0ZToAZmFzYW5vNzdhLnBkZgAOABwADQBmAGEAcwBhAG4AbwA3ADcAYQAuAHAAZABmAA8AGgAMAE0AYQBjAGkAbgB0AG8AcwBoACAASABEABIAPVVzZXJzL2pnb2xkZmFyL0RvY3VtZW50cy9ncmFkL2Rpc3NlcnRhdGlvbi9jaXRlL2Zhc2Fubzc3YS5wZGYAABMAAS8AABUAAgAP//8AAAAIAA0AGgAkAFcAAAAAAAACAQAAAAAAAAAFAAAAAAAAAAAAAAAAAAACEQ==},
	Bdsk-File-3 = {YnBsaXN0MDDSAQIDBFxyZWxhdGl2ZVBhdGhZYWxpYXNEYXRhXxAwLi4vLi4vLi4vLi4vZ3JhZC9kaXNzZXJ0YXRpb24vY2l0ZS9mYXNhbm83N2IucGRmTxEBtgAAAAABtgACAAAMTWFjaW50b3NoIEhEAAAAAAAAAAAAAAAAAAAA0tIqs0grAAAAHelzDWZhc2Fubzc3Yi5wZGYAAAAAAAAAAAAAAAAAAAAAAAAAAAAAAAAAAAAAAAAAAAAAAAAAAAAAAAAAAAAAAAAAAAAd6zrNuAocAAAAAAAAAAAABAAEAAAJIAAAAAAAAAAAAAAAAAAAAARjaXRlABAACAAA0tJxAwAAABEACAAAzbhCXAAAAAEAGAAd6XMADgqkAA3+zQAE+d4ABPndAAISxQACAFBNYWNpbnRvc2ggSEQ6VXNlcnM6AGpnb2xkZmFyOgBEb2N1bWVudHM6AGdyYWQ6AGRpc3NlcnRhdGlvbjoAY2l0ZToAZmFzYW5vNzdiLnBkZgAOABwADQBmAGEAcwBhAG4AbwA3ADcAYgAuAHAAZABmAA8AGgAMAE0AYQBjAGkAbgB0AG8AcwBoACAASABEABIAPVVzZXJzL2pnb2xkZmFyL0RvY3VtZW50cy9ncmFkL2Rpc3NlcnRhdGlvbi9jaXRlL2Zhc2Fubzc3Yi5wZGYAABMAAS8AABUAAgAP//8AAAAIAA0AGgAkAFcAAAAAAAACAQAAAAAAAAAFAAAAAAAAAAAAAAAAAAACEQ==}}

@article{fasano81,
	Author = {A. Fasano and M. Primicerio},
	Date-Added = {2015-02-16 04:44:00 +0000},
	Date-Modified = {2015-02-16 04:44:00 +0000},
	Journal = {Quart. Appl. Math.},
	Keywords = {proposal},
	Pages = {439--460},
	Title = {New Results on Some Classical Parabolic Free Boundary Problems},
	Volume = {38},
	Year = {1981}}

@book{friedman83,
	Author = {Avner Friedman},
	Category = {papers},
	Date-Added = {2015-02-16 04:44:00 +0000},
	Date-Modified = {2015-03-20 17:04:21 +0000},
	Publisher = {Robert E. Krieger Publishing Company},
	Title = {Partial Differential Equations of Parabolic Type},
	Year = {1983},
	Bdsk-File-1 = {YnBsaXN0MDDSAQIDBFxyZWxhdGl2ZVBhdGhZYWxpYXNEYXRhXxAyLi4vLi4vLi4vLi4vZ3JhZC9kaXNzZXJ0YXRpb24vY2l0ZS9mcmllZG1hbjgzLmRqdnVPEQG+AAAAAAG+AAIAAAxNYWNpbnRvc2ggSEQAAAAAAAAAAAAAAAAAAADS0iqzSCsAAAAd6XMPZnJpZWRtYW44My5kanZ1AAAAAAAAAAAAAAAAAAAAAAAAAAAAAAAAAAAAAAAAAAAAAAAAAAAAAAAAAAAAAAAAAB3rTM/PKP4AAAAAAAAAAAAEAAQAAAkgAAAAAAAAAAAAAAAAAAAABGNpdGUAEAAIAADS0nEDAAAAEQAIAADPz2E+AAAAAQAYAB3pcwAOCqQADf7NAAT53gAE+d0AAhLFAAIAUk1hY2ludG9zaCBIRDpVc2VyczoAamdvbGRmYXI6AERvY3VtZW50czoAZ3JhZDoAZGlzc2VydGF0aW9uOgBjaXRlOgBmcmllZG1hbjgzLmRqdnUADgAgAA8AZgByAGkAZQBkAG0AYQBuADgAMwAuAGQAagB2AHUADwAaAAwATQBhAGMAaQBuAHQAbwBzAGgAIABIAEQAEgA/VXNlcnMvamdvbGRmYXIvRG9jdW1lbnRzL2dyYWQvZGlzc2VydGF0aW9uL2NpdGUvZnJpZWRtYW44My5kanZ1AAATAAEvAAAVAAIAD///AAAACAANABoAJABZAAAAAAAAAgEAAAAAAAAABQAAAAAAAAAAAAAAAAAAAhs=}}

@book{friedman88,
	Author = {A. Friedman},
	Booktitle = {Variational Principles and Free Boundary Problems},
	Date-Added = {2015-02-16 04:44:00 +0000},
	Date-Modified = {2017-06-09 17:32:36 +0000},
	Keywords = {proposal},
	Publisher = {Krieger Publishing Company},
	Title = {Variational Principles and Free Boundary Problems},
	Year = {1988}}

@article{goldman03,
	Author = {N. L. Gol'dman},
	Category = {papers},
	Date-Added = {2015-02-16 04:44:00 +0000},
	Date-Modified = {2016-11-13 21:13:38 +0000},
	Journal = {Differential Equations},
	Keywords = {proposal},
	Number = {1},
	Pages = {66--72},
	Title = {Properties of Solutions of the Inverse {Stefan} Problem},
	Volume = {39},
	Year = {2003}}

@article{goldman03a,
	Author = {N. L. Gol'dman},
	Date-Added = {2015-02-16 04:44:00 +0000},
	Date-Modified = {2016-11-13 21:13:36 +0000},
	Journal = {Differential Equations},
	Keywords = {proposal},
	Pages = {66--72},
	Title = {Properties of Solutions of the Inverse Boundary {Stefan} Problem},
	Volume = {39},
	Year = {2003}}

@article{goldman03b,
	Author = {N. L. Gol'dman},
	Date-Added = {2015-02-16 04:44:00 +0000},
	Date-Modified = {2016-11-13 21:13:34 +0000},
	Journal = {Differential Equations},
	Keywords = {proposal},
	Pages = {66--72},
	Title = {Properties of Solutions of the Inverse {Stefan} Problem},
	Volume = {39},
	Year = {2003}}

@article{goldman07,
	Author = {N. L. Gol'dman},
	Date-Added = {2015-02-16 04:44:00 +0000},
	Date-Modified = {2016-11-13 21:13:32 +0000},
	Journal = {Differential Equations},
	Keywords = {proposal},
	Pages = {1101--1110},
	Title = {Finding the right hand side in Multidimensional Parabolic Equations with Terminal Observations},
	Volume = {43},
	Year = {2007}}

@article{goldman08,
	Author = {N. L. Gol'dman},
	Date-Added = {2015-02-16 04:44:00 +0000},
	Date-Modified = {2016-11-13 21:13:28 +0000},
	Journal = {Doklady Mathematics},
	Keywords = {proposal},
	Pages = {350},
	Title = {Properties of solutions of parabolic equations with unknown right-hand side and adjoint problems},
	Volume = {77},
	Year = {2008}}

@article{goldman09,
	Author = {N. L. Gol'dman},
	Date-Added = {2015-02-16 04:44:00 +0000},
	Date-Modified = {2016-11-13 21:13:26 +0000},
	Journal = {Doklady Mathematics},
	Keywords = {proposal},
	Pages = {509--594},
	Title = {The Duality Principle and the Uniqueness Problem for Some Classes of Parabolic Equations with Unknown Coefficients},
	Volume = {80},
	Year = {2009}}

@article{goldman11,
	Author = {N. L. Gol'dman},
	Date-Added = {2015-02-16 04:44:00 +0000},
	Date-Modified = {2016-11-13 21:13:24 +0000},
	Journal = {Differential Equations},
	Keywords = {proposal},
	Pages = {60--68},
	Title = {Properties of Solutions of Parabolic Equations with Unknown Coefficients},
	Volume = {47},
	Year = {2011}}

@phdthesis{goldman27,
	Author = {N. L. Gol'dman},
	Date-Added = {2015-02-16 04:44:00 +0000},
	Date-Modified = {2015-02-16 05:41:44 +0000},
	Keywords = {proposal},
	School = {Moscow State University},
	Title = {Some Inverse and Adjoint Problems for Multidimensional Parabolic Equations with an unknown right-hand side},
	Type = {{}}}

@article{goldman72,
	Author = {N. L. Gol'dman},
	Date-Added = {2015-02-16 04:44:00 +0000},
	Date-Modified = {2016-11-13 21:13:21 +0000},
	Journal = {Solutions of Problems of the Stefan Type},
	Keywords = {proposal},
	Pages = {103--109},
	Title = {Existence of a Solution of Some Class of Optimal {Stefan} Problems for a Quasilinear Parabolic Equation},
	Year = {1972}}

@article{goldman72a,
	Author = {N. L. Gol'dman},
	Date-Added = {2015-02-16 04:44:00 +0000},
	Date-Modified = {2016-11-13 21:13:19 +0000},
	Journal = {Solutions of Problems of The Stefan Type},
	Keywords = {proposal},
	Pages = {24--56},
	Title = {The {Rothe} Method for Solving Boundary-Value Problems for Quasilinear Parabolic Equations},
	Year = {1972}}

@article{goldman74,
	Author = {N. L. Gol'dman and A. B. Uspenskii and E. N. Soboleva and E. G. Shadek},
	Date-Added = {2015-02-16 04:44:00 +0000},
	Date-Modified = {2016-11-13 21:13:17 +0000},
	Journal = {J. Engineer Phys.},
	Keywords = {proposal},
	Pages = {707--713},
	Title = {Numerical Method of Finding Surface Heat Regimes for a Continuous Ingot with the Prescribed Shape of the Phase Boundary},
	Volume = {27},
	Year = {1974}}

@article{goldman75,
	Author = {N. L. Gol'dman},
	Date-Added = {2015-02-16 04:44:00 +0000},
	Date-Modified = {2016-11-13 21:13:10 +0000},
	Journal = {Methods of Solving Boundary-Value Problems and Inverse Heat Conduction Problems},
	Keywords = {proposal},
	Pages = {57--78},
	Title = {A Priori Bounds of Solutions of a Differential-Difference Linear Parabolic Equation},
	Year = {1975}}

@article{goldman77,
	Author = {N. L. Gol'dman},
	Date-Added = {2015-02-16 04:44:00 +0000},
	Date-Modified = {2016-11-13 21:13:09 +0000},
	Journal = {Comput. Methods and Programming},
	Keywords = {proposal},
	Pages = {138--154},
	Title = {Solving an Incorrectly Posed {Cauchy} Problem for a Quasilinear Parabolic Equation},
	Volume = {26},
	Year = {1977}}

@phdthesis{goldman79,
	Author = {N. L. Gol'dman},
	Date-Added = {2015-02-16 04:44:00 +0000},
	Date-Modified = {2016-11-13 21:13:07 +0000},
	Keywords = {proposal},
	School = {Moscow State University},
	Title = {Some Inverse Problems of Determining Boundary Conditions for Quasilinear Parabolic Equations},
	Type = {Thesis},
	Year = {1979}}

@article{goldman83,
	Author = {N. L. Gol'dman},
	Date-Added = {2015-02-16 04:44:00 +0000},
	Date-Modified = {2016-11-13 21:13:05 +0000},
	Journal = {Comput. Methods and Programming},
	Keywords = {proposal},
	Pages = {27--40},
	Title = {On a Multi-dimensional Inverse Problem for a Quasilinear Parabolic Operator},
	Volume = {39},
	Year = {1983}}

@article{goldman83a,
	Author = {N. L. Gol'dman},
	Date-Added = {2015-02-16 04:44:00 +0000},
	Date-Modified = {2016-11-13 21:13:04 +0000},
	Journal = {Differential Equations},
	Keywords = {proposal},
	Pages = {608--617},
	Title = {On a Class of Nonlinear Inverse Problems with Unknown Boundaries},
	Volume = {19},
	Year = {1983}}

@article{goldman83b,
	Author = {N. L. Gol'dman and V. S. Savinich and N. A. Shelyastina},
	Date-Added = {2015-02-16 04:44:00 +0000},
	Date-Modified = {2016-11-13 21:13:01 +0000},
	Journal = {J. Phys. Chemistry of Treat Materials},
	Keywords = {proposal},
	Pages = {137--139},
	Title = {On Radial Melting of a Plate},
	Volume = {3},
	Year = {1983}}

@article{goldman87,
	Author = {N. L. Gol'dman},
	Date-Added = {2015-02-16 04:44:00 +0000},
	Date-Modified = {2016-11-13 21:12:55 +0000},
	Journal = {Methods and Algorithms of Numerical Analysis},
	Keywords = {proposal},
	Pages = {49--61},
	Title = {On Determining Unknown Coefficients for the Quasilinear Stefan Problem},
	Year = {1987}}

@article{goldman87a,
	Author = {N. L. Gol'dman and V. S. Savinich and N. A. Shelyastina},
	Date-Added = {2015-02-16 04:44:00 +0000},
	Date-Modified = {2016-11-13 21:12:51 +0000},
	Journal = {Methods and Algorithms of Numerical Analysis},
	Keywords = {proposal},
	Pages = {62--79},
	Title = {On Numerical Modeling of a Nonlinear Thermophysical Process with an Intensive Heat Influence},
	Year = {1987}}

@article{goldman88,
	Author = {N. L. Gol'dman},
	Date-Added = {2015-02-16 04:44:00 +0000},
	Date-Modified = {2016-11-13 21:12:45 +0000},
	Journal = {Numerical Analysis: Methods,Algorithms and Programs},
	Keywords = {proposal},
	Pages = {71--101},
	Title = {On Numerical Determination of the Right-hand Side of the Equation for the Multiphase {Stefan} Problem},
	Year = {1988}}

@article{goldman89,
	Author = {N. L. Gol'dman},
	Date-Added = {2015-02-16 04:44:00 +0000},
	Date-Modified = {2016-11-13 21:12:43 +0000},
	Journal = {Methods and Algorithms of Numerical Analysis and Their Applications},
	Keywords = {proposal},
	Pages = {11--34},
	Title = {On a Class Boundary Inverse {Stefan} Problems for the Two-Phase Quasilinear Case},
	Year = {1989}}

@article{goldman90,
	Author = {N. L. Gol'dman},
	Date-Added = {2015-02-16 04:44:00 +0000},
	Date-Modified = {2016-11-13 21:12:42 +0000},
	Journal = {Methods and Algorithms of Numerical Analysis},
	Keywords = {proposal},
	Pages = {54--70},
	Title = {On Differentiability of Functionals in the Variational Formulations on Inverse {Stefan} Problems},
	Year = {1990}}

@article{goldman91,
	Author = {N. L. Gol'dman},
	Date-Added = {2015-02-16 04:44:00 +0000},
	Date-Modified = {2016-11-13 21:12:40 +0000},
	Journal = {Computational Mathematics and Modeling},
	Keywords = {proposal},
	Pages = {138--148},
	Title = {Solving an optimal multiphase {Stefan} Problem},
	Volume = {2},
	Year = {1991}}

@article{goldman93,
	Author = {N. L. Gol'dman},
	Date-Added = {2015-02-16 04:44:00 +0000},
	Date-Modified = {2016-11-13 21:12:38 +0000},
	Journal = {Journal of Engineering Physics and Thermophysics},
	Keywords = {proposal},
	Pages = {1189--1194},
	Title = {Inverse {Stefan} Problems},
	Volume = {65},
	Year = {1993}}

@article{goldman93a,
	Author = {N. L. Gol'dman},
	Date-Added = {2015-02-16 04:44:00 +0000},
	Date-Modified = {2016-11-13 21:12:36 +0000},
	Journal = {Journal of Engineering Physics and Thermophysics},
	Keywords = {proposal},
	Pages = {1200--1207},
	Title = {Method of descriptive regularization in inverse problems},
	Volume = {65},
	Year = {1993}}

@article{goldman93b,
	Author = {N. L. Gol'dman},
	Date-Added = {2015-02-16 04:44:00 +0000},
	Date-Modified = {2016-11-13 21:12:34 +0000},
	Journal = {Numerical Methods of Analysis},
	Keywords = {proposal},
	Pages = {31--50},
	Title = {Application of the Descriptive Regularization Method for Solving the Two-Phase Boundary Inverse {Stefan} Problem},
	Year = {1993}}

@article{goldman93c,
	Author = {N. L. Gol'dman},
	Date-Added = {2015-02-16 04:44:00 +0000},
	Date-Modified = {2016-11-13 21:12:32 +0000},
	Journal = {J. Engineer Phys.},
	Keywords = {proposal},
	Pages = {684--689},
	Title = {Inverse Stefan Problems},
	Volume = {65},
	Year = {1993}}

@book{goldman97,
	Address = {Dodrecht},
	Author = {N. L. Gol'dman},
	Booktitle = {N. L. Goldman},
	Date-Added = {2015-02-16 04:44:00 +0000},
	Date-Modified = {2016-11-14 20:45:45 +0000},
	Doi = {10.1007/978-94-011-5488-8},
	Keywords = {proposal},
	Publisher = {Kluwer Academic Publishers Group},
	Title = {Inverse {Stefan} Problems},
	Year = {1997},
	Bdsk-Url-1 = {http://dx.doi.org/10.1007/978-94-011-5488-8}}

@article{gorenflo95,
	Author = {R. Gorenflo and D.D. Ang and D.N. Thanh},
	Date-Added = {2015-02-16 04:44:00 +0000},
	Date-Modified = {2015-02-16 04:44:00 +0000},
	Journal = {Publ. HoChiMinh City Math. Soc.},
	Keywords = {proposal},
	Pages = {45--54},
	Title = {Regularization of a twodimensional inverse {Stefan} problem},
	Volume = {2},
	Year = {1995}}

@article{grzymkowski02,
	Author = {R. Grzymkowski and Damian Slota},
	Date-Added = {2015-02-16 04:44:00 +0000},
	Date-Modified = {2015-02-16 04:44:00 +0000},
	Journal = {Lecture Notes in Computer Science, Parallel Processing and Applied Mathematics},
	Keywords = {proposal},
	Pages = {679--686},
	Title = {Multiphase Inverse Stefan Problems solved by Approximation Method},
	Volume = {2328},
	Year = {2002}}

@article{grzymkowski02a,
	Author = {R. Grzymkowski and Damian Slota},
	Date-Added = {2015-02-16 04:44:00 +0000},
	Date-Modified = {2015-02-16 04:44:00 +0000},
	Journal = {Lecture Notes in Computer Science, Computational Science-ICCS},
	Keywords = {proposal},
	Title = {An Application of the Adomian Decomposition Method for Inverse {Stefan} Problem with {Neumann's} Boundary Condition},
	Year = {2002}}

@article{grzymkowski06,
	Author = {R. Grzymkowski and Damian Slota},
	Date-Added = {2015-02-16 04:44:00 +0000},
	Date-Modified = {2015-02-16 04:44:00 +0000},
	Journal = {Comput. Math. Appl.},
	Keywords = {proposal},
	Pages = {33--40},
	Title = {One phase inverse {Stefan} Problem solved by Adomian Decomposition},
	Volume = {51},
	Year = {2006}}

@book{hanke95,
	Author = {M. Hanke},
	Date-Added = {2015-02-16 04:44:00 +0000},
	Date-Modified = {2015-02-16 04:44:00 +0000},
	Keywords = {proposal},
	Publisher = {Longman Scientific and Technical},
	Title = {Conjugate Gradient Type Methods for Ill-Posed Problems},
	Year = {1995}}

@book{hensel91,
	Author = {E. Hensel},
	Date-Added = {2015-02-16 04:44:00 +0000},
	Date-Modified = {2015-02-16 04:44:00 +0000},
	Keywords = {proposal},
	Publisher = {Prentice-Hall},
	Title = {Inverse Theory and Applications for Engineers},
	Year = {1991}}

@article{hoffman80,
	Author = {K. H. Hoffman and J. H. Kornstaedt},
	Date-Added = {2015-02-16 04:44:00 +0000},
	Date-Modified = {2016-11-13 21:13:57 +0000},
	Journal = {Numerical Treatment of Integral Equations ISNN},
	Keywords = {proposal},
	Pages = {115--143},
	Title = {Zum Inversen Stefan Problem},
	Volume = {53},
	Year = {1980}}

@inproceedings{hoffman81,
	Author = {K. H. Hoffman and M. Niezgodka},
	Booktitle = {Proceedings of the International Conference on Free Boundary Problems},
	Date-Added = {2015-02-16 04:44:00 +0000},
	Date-Modified = {2015-02-16 04:44:00 +0000},
	Keywords = {proposal},
	Title = {Control of Parabolic Systems Involving Free Boundaries},
	Year = {1981}}

@article{hoffman82,
	Author = {K. H. Hoffman and J. Sprekels},
	Date-Added = {2015-02-16 04:44:00 +0000},
	Date-Modified = {2017-06-09 17:32:18 +0000},
	Journal = {Numerical Functional Analysis and Optimization},
	Keywords = {proposal},
	Pages = {47--76},
	Title = {Real Time Control of Free Boundary in a two-phase {Stefan} problem},
	Volume = {5},
	Year = {1982}}

@article{hoffman86,
	Author = {K. H. Hoffman and J. Sprekels},
	Date-Added = {2015-02-16 04:44:00 +0000},
	Date-Modified = {2017-06-09 17:32:13 +0000},
	Journal = {Control and Cybernetics},
	Keywords = {proposal},
	Pages = {37--51},
	Title = {On the Identification of Heat Conductivity and Latent Heat Conductivity as Latent Heat in a one-phase {Stefan} problem},
	Volume = {15},
	Year = {1986}}

@book{isakov97,
	Author = {V. Isakov},
	Date-Added = {2015-02-16 04:44:00 +0000},
	Date-Modified = {2015-02-16 04:44:00 +0000},
	Keywords = {proposal},
	Publisher = {Springer-Verlag},
	Title = {Inverse Problems for Partial Differential Equations},
	Year = {1997}}

@article{iskendrov90,
	Author = {A.D. Iskendrov},
	Date-Added = {2015-02-16 04:44:00 +0000},
	Date-Modified = {2015-02-16 04:44:00 +0000},
	Journal = {Dokl. Akad. Nauk SSSR},
	Keywords = {proposal},
	Pages = {1062--1064},
	Title = {On Conditional Correctness of Problems with an Unknown Boundary},
	Volume = {314},
	Year = {1990}}

@article{ivanov63,
	Author = {V.K. Ivanov},
	Date-Added = {2015-02-16 04:44:00 +0000},
	Date-Modified = {2015-02-16 04:44:00 +0000},
	Journal = {Mat. Sbornik},
	Keywords = {proposal},
	Pages = {211--223},
	Title = {On Ill-Posed Problems},
	Volume = {61},
	Year = {1963}}

@article{ivanov71,
	Author = {V.K. Ivanov},
	Date-Added = {2015-02-16 04:44:00 +0000},
	Date-Modified = {2015-02-16 04:44:00 +0000},
	Journal = {Proc. Math. Inst. USSR AS},
	Keywords = {proposal},
	Pages = {232--240},
	Title = {On Solution of Operator Equations that do not Satisfy Correctness Conditions},
	Volume = {112},
	Year = {1971}}

@book{ivanov78,
	Address = {Moscow},
	Author = {V.K. Ivanov and V.P. Tanana},
	Date-Added = {2015-02-16 04:44:00 +0000},
	Date-Modified = {2015-02-16 04:44:00 +0000},
	Keywords = {proposal},
	Publisher = {Nauka},
	Title = {Theory of Linear Ill-Posed Problems and its Applications},
	Year = {1978}}

@article{jochum80,
	Author = {P. Jochum},
	Category = {papers},
	Date-Added = {2015-02-16 04:44:00 +0000},
	Date-Modified = {2015-03-20 16:57:11 +0000},
	Journal = {Numerical Mathematics},
	Keywords = {abdulla12-papers; proposal},
	Pages = {411--429},
	Title = {The numerical solution of the inverse {Stefan} problem},
	Volume = {34},
	Year = {1980},
	Bdsk-File-1 = {YnBsaXN0MDDSAQIDBFxyZWxhdGl2ZVBhdGhZYWxpYXNEYXRhXxBCLi4vLi4vLi4vLi4vbm90ZXMvaW5kZXBlbmRlbnQvcGFwZXJzL2FiZHVsbGExMi1wYXBlcnMvam9jaHVtODAucGRmTxEB6gAAAAAB6gACAAAMTWFjaW50b3NoIEhEAAAAAAAAAAAAAAAAAAAAzWTSmkgrAAACMsy+DGpvY2h1bTgwLnBkZgAAAAAAAAAAAAAAAAAAAAAAAAAAAAAAAAAAAAAAAAAAAAAAAAAAAAAAAAAAAAAAAAAAAAIyzMTNuAo+AAAAAAAAAAAABAAFAAAJIAAAAAAAAAAAAAAAAAAAABBhYmR1bGxhMTItcGFwZXJzABAACAAAzWUK2gAAABEACAAAzbhCfgAAAAEAHAIyzL4CMsrqAjLKHgANrksAEDE6AAXEbQACEOkAAgBjTWFjaW50b3NoIEhEOlVzZXJzOgBqZ29sZGZhcjoARG9jdW1lbnRzOgBub3RlczoAaW5kZXBlbmRlbnQ6AHBhcGVyczoAYWJkdWxsYTEyLXBhcGVyczoAam9jaHVtODAucGRmAAAOABoADABqAG8AYwBoAHUAbQA4ADAALgBwAGQAZgAPABoADABNAGEAYwBpAG4AdABvAHMAaAAgAEgARAASAE9Vc2Vycy9qZ29sZGZhci9Eb2N1bWVudHMvbm90ZXMvaW5kZXBlbmRlbnQvcGFwZXJzL2FiZHVsbGExMi1wYXBlcnMvam9jaHVtODAucGRmAAATAAEvAAAVAAIAD///AAAACAANABoAJABpAAAAAAAAAgEAAAAAAAAABQAAAAAAAAAAAAAAAAAAAlc=}}

@article{jochum80a,
	Author = {P. Jochum},
	Category = {papers},
	Date-Added = {2015-02-16 04:44:00 +0000},
	Date-Modified = {2015-03-20 16:57:21 +0000},
	Journal = {Journal of Approximation Theory},
	Keywords = {proposal},
	Pages = {37--51},
	Title = {The Inverse {Stefan} problem as a problem of nonlinear approximation theory},
	Volume = {30},
	Year = {1980}}

@book{kantorovich82,
	Author = {L.V. Kantorovich and G.P. Akilov},
	Category = {papers},
	Date-Added = {2015-02-16 04:44:00 +0000},
	Date-Modified = {2015-03-27 17:21:13 +0000},
	Keywords = {proposal},
	Publisher = {Pergamon Press},
	Title = {Functional Analysis},
	Year = {1982},
	Bdsk-File-1 = {YnBsaXN0MDDSAQIDBFxyZWxhdGl2ZVBhdGhZYWxpYXNEYXRhXxA0Li4vLi4vLi4vLi4vZ3JhZC9kaXNzZXJ0YXRpb24vY2l0ZS9rYW50b3JvdmljaDgyLnBkZk8RAcYAAAAAAcYAAgAADE1hY2ludG9zaCBIRAAAAAAAAAAAAAAAAAAAANLSKrNIKwAAAB3pcxFrYW50b3JvdmljaDgyLnBkZgAAAAAAAAAAAAAAAAAAAAAAAAAAAAAAAAAAAAAAAAAAAAAAAAAAAAAAAAAAAAAAHetm0LaS8wAAAAAAAAAAAAQABAAACSAAAAAAAAAAAAAAAAAAAAAEY2l0ZQAQAAgAANLScQMAAAARAAgAANC22UMAAAABABgAHelzAA4KpAAN/s0ABPneAAT53QACEsUAAgBUTWFjaW50b3NoIEhEOlVzZXJzOgBqZ29sZGZhcjoARG9jdW1lbnRzOgBncmFkOgBkaXNzZXJ0YXRpb246AGNpdGU6AGthbnRvcm92aWNoODIucGRmAA4AJAARAGsAYQBuAHQAbwByAG8AdgBpAGMAaAA4ADIALgBwAGQAZgAPABoADABNAGEAYwBpAG4AdABvAHMAaAAgAEgARAASAEFVc2Vycy9qZ29sZGZhci9Eb2N1bWVudHMvZ3JhZC9kaXNzZXJ0YXRpb24vY2l0ZS9rYW50b3JvdmljaDgyLnBkZgAAEwABLwAAFQACAA///wAAAAgADQAaACQAWwAAAAAAAAIBAAAAAAAAAAUAAAAAAAAAAAAAAAAAAAIl}}

@article{khan86,
	Author = {A. Khan},
	Date-Added = {2015-02-16 04:44:00 +0000},
	Date-Modified = {2015-02-16 04:44:00 +0000},
	Journal = {Model Development, Ground Water},
	Keywords = {proposal},
	Pages = {32--38},
	Title = {Inverse Problem in Ground Water},
	Volume = {24},
	Year = {1986}}

@article{knabner83,
	Author = {P. Knabner},
	Date-Added = {2015-02-16 04:44:00 +0000},
	Date-Modified = {2015-02-16 04:44:00 +0000},
	Journal = {Applied Nonlinear Functional Analysis, Methoden und Verfahren der Mathematischen Physik},
	Keywords = {proposal},
	Pages = {95--116},
	Title = {Stability theorems for general free boundary problems of the {Stefan} type and applications},
	Volume = {25},
	Year = {1983}}

@book{ladyzhenskaya68,
	Address = {Providence, R. I.},
	Author = {O. A. Ladyzhenskaya and V. A. Solonnikov and N. N. Uraltseva},
	Booktitle = {Linear and Quasilinear Equations of Parabolic Type},
	Category = {papers},
	Date-Added = {2015-02-16 04:44:00 +0000},
	Date-Modified = {2015-03-20 16:57:56 +0000},
	Keywords = {conv-traces; proposal},
	Publisher = {American Mathematical Society},
	Series = {Translations of Mathematical Monographs},
	Title = {Linear and Quasilinear Equations of Parabolic Type},
	Volume = {23},
	Year = {1968},
	Bdsk-File-1 = {YnBsaXN0MDDSAQIDBFxyZWxhdGl2ZVBhdGhZYWxpYXNEYXRhXxA3Li4vLi4vLi4vLi4vZ3JhZC9kaXNzZXJ0YXRpb24vY2l0ZS9sYWR5emhlbnNrYXlhNjguZGp2dU8RAdIAAAAAAdIAAgAADE1hY2ludG9zaCBIRAAAAAAAAAAAAAAAAAAAANLSKrNIKwAAAB3pcxRsYWR5emhlbnNrYXlhNjguZGp2dQAAAAAAAAAAAAAAAAAAAAAAAAAAAAAAAAAAAAAAAAAAAAAAAAAAAAAAAAAAHeujzyuHLgAAAAAAAAAAAAQABAAACSAAAAAAAAAAAAAAAAAAAAAEY2l0ZQAQAAgAANLScQMAAAARAAgAAM8rzX4AAAABABgAHelzAA4KpAAN/s0ABPneAAT53QACEsUAAgBXTWFjaW50b3NoIEhEOlVzZXJzOgBqZ29sZGZhcjoARG9jdW1lbnRzOgBncmFkOgBkaXNzZXJ0YXRpb246AGNpdGU6AGxhZHl6aGVuc2theWE2OC5kanZ1AAAOACoAFABsAGEAZAB5AHoAaABlAG4AcwBrAGEAeQBhADYAOAAuAGQAagB2AHUADwAaAAwATQBhAGMAaQBuAHQAbwBzAGgAIABIAEQAEgBEVXNlcnMvamdvbGRmYXIvRG9jdW1lbnRzL2dyYWQvZGlzc2VydGF0aW9uL2NpdGUvbGFkeXpoZW5za2F5YTY4LmRqdnUAEwABLwAAFQACAA///wAAAAgADQAaACQAXgAAAAAAAAIBAAAAAAAAAAUAAAAAAAAAAAAAAAAAAAI0}}

@book{lattes67,
	Address = {Paris},
	Author = {R. Lattes and J.L. Lions},
	Date-Added = {2015-02-16 04:44:00 +0000},
	Date-Modified = {2015-02-16 04:44:00 +0000},
	Keywords = {proposal},
	Publisher = {Dunod},
	Title = {Methode de quasi reversibilite et applications},
	Year = {1967}}

@article{le93,
	Author = {J.S. Brizaut Le and D. Delaunay and B. Garnier and Y. Jarny},
	Date-Added = {2015-02-16 04:44:00 +0000},
	Date-Modified = {2015-02-16 04:44:00 +0000},
	Journal = {Int. J. Heat and Mass Transfer},
	Keywords = {proposal},
	Pages = {4039--4047},
	Title = {Implementation of an Inverse Method for Identification of Reticulation Kinetics from Measurements in Thick Piece Sample},
	Volume = {36},
	Year = {1993}}

@book{lions72,
	Author = {J.L. Lions},
	Date-Added = {2015-02-16 04:44:00 +0000},
	Date-Modified = {2015-02-16 04:44:00 +0000},
	Keywords = {proposal},
	Publisher = {Springer-Verlag},
	Title = {Optimal Control of Systems Governed by Partial Differential Equations},
	Year = {1972}}

@article{lobanova06,
	Author = {V.V. Lobanova},
	Date-Added = {2015-02-16 04:44:00 +0000},
	Date-Modified = {2015-02-16 04:44:00 +0000},
	Journal = {Mat. ZH.},
	Keywords = {proposal},
	Pages = {76--84},
	Title = {Solution of an inverse {Stefan} Problem with a linear moving boundary},
	Volume = {2},
	Year = {2006}}

@book{lurye75,
	Author = {K. A. Lurye},
	Booktitle = {Optimal Control in Problems of Mathematical Physics},
	Date-Added = {2015-02-16 04:44:00 +0000},
	Date-Modified = {2015-02-16 04:44:00 +0000},
	Keywords = {proposal},
	Publisher = {Nauka},
	Series = {Moscow},
	Title = {Optimal Control in Problems of Mathematical Physics},
	Year = {1975}}

@article{maksimov97,
	Author = {V.I. Maksimov},
	Date-Added = {2015-02-16 04:44:00 +0000},
	Date-Modified = {2015-02-16 04:44:00 +0000},
	Journal = {Computational Mathematics and Modeling},
	Keywords = {proposal},
	Pages = {217--225},
	Title = {An inverse problem for a system with a moving boundary},
	Volume = {8},
	Year = {1997}}

@book{meirmanov92,
	Author = {A. M. Meirmanov},
	Booktitle = {The Stefan Problem},
	Date-Added = {2015-02-16 04:44:00 +0000},
	Date-Modified = {2015-02-16 04:44:00 +0000},
	Doi = {10.1515/9783110846720},
	Editor = {Marek Niezgodka},
	Keywords = {proposal},
	Publisher = {Walter De Gruyter},
	Series = {De Gruyter Expositions in Mathematics},
	Title = {The {Stefan} problem},
	Volume = {3},
	Year = {1992},
	Bdsk-Url-1 = {http://dx.doi.org/10.1515/9783110846720}}

@article{niezgodka79,
	Author = {M. Niezgodka},
	Date-Added = {2015-02-16 04:44:00 +0000},
	Date-Modified = {2017-06-09 17:31:59 +0000},
	Journal = {Control and Cybernetics},
	Keywords = {proposal},
	Pages = {213--225},
	Title = {Control of Parabolic Systems with Free Boundaries - Application of Inverse Formulation},
	Volume = {8},
	Year = {1979}}

@article{nochetto87,
	Author = {R. H. Nochetto and C. Verdi},
	Category = {papers},
	Date-Added = {2015-02-16 04:44:00 +0000},
	Date-Modified = {2017-06-09 17:31:49 +0000},
	Journal = {Numerical Functional Analysis and Optimization},
	Keywords = {abdulla12-papers; proposal},
	Pages = {1177--1192},
	Title = {The Combined Use of Nonlinear {Chernoff} Formula with a Regularization Procedure for Two-Phase {Stefan} Problems},
	Volume = {9},
	Year = {1987/88},
	Bdsk-File-1 = {YnBsaXN0MDDSAQIDBFxyZWxhdGl2ZVBhdGhZYWxpYXNEYXRhXxBELi4vLi4vLi4vLi4vbm90ZXMvaW5kZXBlbmRlbnQvcGFwZXJzL2FiZHVsbGExMi1wYXBlcnMvbm9jaGV0dG84Ny5wZGZPEQHyAAAAAAHyAAIAAAxNYWNpbnRvc2ggSEQAAAAAAAAAAAAAAAAAAADNZNKaSCsAAAIyzL4Obm9jaGV0dG84Ny5wZGYAAAAAAAAAAAAAAAAAAAAAAAAAAAAAAAAAAAAAAAAAAAAAAAAAAAAAAAAAAAAAAAAAAjLMxc24Cj4AAAAAAAAAAAAEAAUAAAkgAAAAAAAAAAAAAAAAAAAAEGFiZHVsbGExMi1wYXBlcnMAEAAIAADNZQraAAAAEQAIAADNuEJ+AAAAAQAcAjLMvgIyyuoCMsoeAA2uSwAQMToABcRtAAIQ6QACAGVNYWNpbnRvc2ggSEQ6VXNlcnM6AGpnb2xkZmFyOgBEb2N1bWVudHM6AG5vdGVzOgBpbmRlcGVuZGVudDoAcGFwZXJzOgBhYmR1bGxhMTItcGFwZXJzOgBub2NoZXR0bzg3LnBkZgAADgAeAA4AbgBvAGMAaABlAHQAdABvADgANwAuAHAAZABmAA8AGgAMAE0AYQBjAGkAbgB0AG8AcwBoACAASABEABIAUVVzZXJzL2pnb2xkZmFyL0RvY3VtZW50cy9ub3Rlcy9pbmRlcGVuZGVudC9wYXBlcnMvYWJkdWxsYTEyLXBhcGVycy9ub2NoZXR0bzg3LnBkZgAAEwABLwAAFQACAA///wAAAAgADQAaACQAawAAAAAAAAIBAAAAAAAAAAUAAAAAAAAAAAAAAAAAAAJh}}

@phdthesis{onyejekwe12,
	Author = {O.N. Onyejekwe},
	Date-Added = {2015-02-16 04:44:00 +0000},
	Date-Modified = {2015-02-16 04:44:00 +0000},
	Keywords = {proposal},
	School = {Florida Institute of Technology},
	Title = {Numerical Methods for Solving Inverse Free Boundary Problems for the Second Order Parabolic Equations},
	Type = {{Ph.D}. Dissertation},
	Year = {2012}}

@article{payne85,
	Author = {L.E. Payne},
	Date-Added = {2015-02-16 04:44:00 +0000},
	Date-Modified = {2015-02-16 04:44:00 +0000},
	Journal = {Appl. Anal.},
	Keywords = {proposal},
	Pages = {217--225},
	Title = {Improved Stability Estimates for Classes of Ill-Posed {Cauchy} Problems},
	Volume = {19},
	Year = {1985}}

@book{prilepko00,
	Author = {A.I. Prilepko and D.G. Orlovsky and I.A. Vasin},
	Date-Added = {2015-02-16 04:44:00 +0000},
	Date-Modified = {2015-02-16 04:44:00 +0000},
	Keywords = {proposal},
	Publisher = {Marcel Dekker},
	Title = {Methods of Solving Inverse Problems in Mathematical Physics},
	Year = {2000}}

@inproceedings{primicerio82,
	Address = {Basel},
	Author = {M. Primicerio},
	Booktitle = {Numerical Treatment of Free Boundary-Value problems},
	Date-Added = {2015-02-16 04:44:00 +0000},
	Date-Modified = {2017-06-09 17:35:27 +0000},
	Editor = {J. Albrecht and L. Collatz and K. H. Hoffman},
	Keywords = {proposal},
	Organization = {ISNM},
	Pages = {233--244},
	Publisher = {Birkhauser Verlag},
	Title = {The Occurence of Pathologies in some {Stefan}-like problems},
	Volume = {58},
	Year = {1982}}

@article{rabin95,
	Author = {Y. Rabin},
	Date-Added = {2015-02-16 04:44:00 +0000},
	Date-Modified = {2015-02-16 04:44:00 +0000},
	Journal = {Advances in Heat and Mass Transfer in Biotechnology},
	Keywords = {proposal},
	Pages = {1--4},
	Title = {Approximate solution of the inverse-stephan problem in cartesian, cylindrical and spherical geometries},
	Volume = {32},
	Year = {1995}}

@article{reemtsen84,
	Author = {R. Reemtsen and A. Kirsch},
	Date-Added = {2015-02-16 04:44:00 +0000},
	Date-Modified = {2015-02-16 04:44:00 +0000},
	Journal = {Numerische Mathematik},
	Keywords = {proposal},
	Pages = {253--273},
	Title = {A method for the numerical solution of the one-dimensional inverse Stefan Problem},
	Volume = {45},
	Year = {1984}}

@book{romanov02,
	Author = {V.G. Romanov},
	Date-Added = {2015-02-16 04:44:00 +0000},
	Date-Modified = {2015-02-16 04:44:00 +0000},
	Keywords = {proposal},
	Publisher = {Brill Academic Publishers},
	Title = {Investigation Methods of Inverse Problems},
	Year = {2002}}

@book{rubinstein71,
	Address = {Providence, RI},
	Author = {R. I. Rubinstein},
	Date-Added = {2015-02-16 04:44:00 +0000},
	Date-Modified = {2015-02-16 04:44:00 +0000},
	Keywords = {proposal},
	Publisher = {American Mathematical Society},
	Title = {The Stefan Problem},
	Year = {1971}}

@inproceedings{sagues82,
	Address = {Basel},
	Author = {C. Sagues},
	Booktitle = {Numerical Treatment of Free Boundary-Value problems},
	Date-Added = {2015-02-16 04:44:00 +0000},
	Date-Modified = {2015-02-16 04:44:00 +0000},
	Editor = {J. Albrecht and L. Collatz and K. H. Hoffman},
	Keywords = {proposal},
	Organization = {ISNM},
	Pages = {270--287},
	Publisher = {Birkhauser Verlag},
	Title = {Simulation and Optimal Control of Free Boundary},
	Volume = {58},
	Year = {1982}}

@book{samarskii04,
	Author = {A.A. Samarskii and P.N. Vabishchevich},
	Date-Added = {2015-02-16 04:44:00 +0000},
	Date-Modified = {2015-02-16 04:44:00 +0000},
	Keywords = {proposal},
	Publisher = {Editorial URSS},
	Title = {Numerical Methods for Solution of Inverse Problems},
	Year = {2004}}

@article{samarskii97,
	Author = {A.A. Samarskii and P.N. Vabishchevich},
	Date-Added = {2015-02-16 04:44:00 +0000},
	Date-Modified = {2015-02-16 04:44:00 +0000},
	Journal = {Fundamentals of Mathematical Modeling},
	Keywords = {proposal},
	Pages = {5--97},
	Title = {Difference solution methods for inverse mathematical-physics problems},
	Year = {1997}}

@article{sherman71,
	Author = {B. Sherman},
	Date-Added = {2015-02-16 04:44:00 +0000},
	Date-Modified = {2015-02-16 04:44:00 +0000},
	Journal = {SIAM J. Appl. Math.},
	Keywords = {proposal},
	Pages = {557--570},
	Title = {General One-Phase {Stefan} Problems and Free Boundary Problems for the Heat Equation with {Cauchy} Data Prescribed on the Free Boundary},
	Volume = {20},
	Year = {1971}}

@article{slota08,
	Author = {Damian Slota},
	Date-Added = {2015-02-16 04:44:00 +0000},
	Date-Modified = {2015-02-16 04:44:00 +0000},
	Journal = {Lecture Notes in Computer Science, Computational Science-ICCS 2008},
	Keywords = {proposal},
	Pages = {1005--1012},
	Title = {Multiphase Inverse Stefan Problems Solved by Approximation Method},
	Volume = {5101},
	Year = {2008}}

@article{talenti82,
	Author = {G. Talenti and S. Vessella},
	Category = {papers},
	Date-Added = {2015-02-16 04:44:00 +0000},
	Date-Modified = {2017-06-09 17:31:34 +0000},
	Doi = {10.1017/S1446788700024915},
	Journal = {Journal of the Austrailian Mathematical Society},
	Keywords = {abdulla12-papers; proposal},
	Month = {June},
	Number = {3},
	Pages = {358--368},
	Title = {A Note on an Ill-Posed problem for the heat equation},
	Volume = {32},
	Year = {1982},
	Bdsk-File-1 = {YnBsaXN0MDDSAQIDBFxyZWxhdGl2ZVBhdGhZYWxpYXNEYXRhXxBDLi4vLi4vLi4vLi4vbm90ZXMvaW5kZXBlbmRlbnQvcGFwZXJzL2FiZHVsbGExMi1wYXBlcnMvdGFsZW50aTgyLnBkZk8RAewAAAAAAewAAgAADE1hY2ludG9zaCBIRAAAAAAAAAAAAAAAAAAAAM1k0ppIKwAAAjLMvg10YWxlbnRpODIucGRmAAAAAAAAAAAAAAAAAAAAAAAAAAAAAAAAAAAAAAAAAAAAAAAAAAAAAAAAAAAAAAAAAAACMszIzbgKPwAAAAAAAAAAAAQABQAACSAAAAAAAAAAAAAAAAAAAAAQYWJkdWxsYTEyLXBhcGVycwAQAAgAAM1lCtoAAAARAAgAAM24Qn8AAAABABwCMsy+AjLK6gIyyh4ADa5LABAxOgAFxG0AAhDpAAIAZE1hY2ludG9zaCBIRDpVc2VyczoAamdvbGRmYXI6AERvY3VtZW50czoAbm90ZXM6AGluZGVwZW5kZW50OgBwYXBlcnM6AGFiZHVsbGExMi1wYXBlcnM6AHRhbGVudGk4Mi5wZGYADgAcAA0AdABhAGwAZQBuAHQAaQA4ADIALgBwAGQAZgAPABoADABNAGEAYwBpAG4AdABvAHMAaAAgAEgARAASAFBVc2Vycy9qZ29sZGZhci9Eb2N1bWVudHMvbm90ZXMvaW5kZXBlbmRlbnQvcGFwZXJzL2FiZHVsbGExMi1wYXBlcnMvdGFsZW50aTgyLnBkZgATAAEvAAAVAAIAD///AAAACAANABoAJABqAAAAAAAAAgEAAAAAAAAABQAAAAAAAAAAAAAAAAAAAlo=},
	Bdsk-Url-1 = {http://dx.doi.org/10.1017/S1446788700024915}}

@article{tanana05,
	Author = {V.P. Tanana and E.V. Khudyshkina},
	Date-Added = {2015-02-16 04:44:00 +0000},
	Date-Modified = {2015-02-16 04:44:00 +0000},
	Journal = {Sib. Zh. Ind. Mat.},
	Keywords = {proposal},
	Pages = {124--130},
	Title = {An optimal method for solving an Inverse {Stefan} Problem},
	Volume = {7},
	Year = {2005}}

@article{tanana07,
	Author = {V.P. Tanana and E.V. Khudyshkina},
	Date-Added = {2015-02-16 04:44:00 +0000},
	Date-Modified = {2015-02-16 04:44:00 +0000},
	Journal = {Journal of Applied and Industrial Mathematics},
	Keywords = {proposal},
	Pages = {254--259},
	Title = {On an optimal method for solving an inverse {Stefan} Problem},
	Volume = {1},
	Year = {2007}}

@book{tarzia00,
	Author = {D.A. Tarzia},
	Chapter = {A Bibliography on Moving-Free Boundary Problems For the Heat-Diffusion Equation. The {Stefan} and Related Problem},
	Date-Added = {2015-02-16 04:44:00 +0000},
	Date-Modified = {2015-02-16 04:44:00 +0000},
	Keywords = {proposal},
	Publisher = {Universidad Austral},
	Title = {{SERIE A}: CONFERENCIAS, SEMINARIOS Y TRABAJOS DE MATEMATICA. ch. A Bibliography on Moving-Free Boundary Problems For the Heat-Diffusion Equation. The {Stefan} and Related Problem},
	Year = {2000}}

@article{tikhonov35,
	Author = {A.N. Tikhonov},
	Date-Added = {2015-02-16 04:44:00 +0000},
	Date-Modified = {2015-02-16 04:44:00 +0000},
	Journal = {Mat. Sbornik},
	Keywords = {proposal},
	Pages = {199--216},
	Title = {Uniqueness Theorem for the Heat Equation},
	Volume = {2},
	Year = {1935}}

@book{tomkin73,
	Author = {A.G. Tomkin},
	Date-Added = {2015-02-16 04:44:00 +0000},
	Date-Modified = {2015-02-16 04:44:00 +0000},
	Keywords = {proposal},
	Publisher = {Energy Publisher},
	Title = {Inverse Methods in Heat Conduction Theory},
	Year = {1973}}

@book{vabishchevich87,
	Author = {P.N. Vabishchevich},
	Date-Added = {2015-02-16 04:44:00 +0000},
	Date-Modified = {2015-02-16 04:44:00 +0000},
	Keywords = {proposal},
	Publisher = {Izdatel'stvo Moskovskogo Universiteta},
	Title = {Numerical Methods for the Solution of Free Boundary Problems},
	Year = {1987}}

@article{vasilev69,
	Author = {F. P. Vasil'ev},
	Date-Added = {2015-02-16 04:44:00 +0000},
	Date-Modified = {2015-02-16 04:44:00 +0000},
	Journal = {Computational Methods and Programming},
	Keywords = {proposal},
	Pages = {110--114},
	Title = {The existence of a solution to a certain optimal {Stefan} problem},
	Year = {1969}}

@article{vigak89,
	Author = {V.M. Vigak and Yu.V. Zhernovoi},
	Date-Added = {2015-02-16 04:44:00 +0000},
	Date-Modified = {2015-02-16 04:44:00 +0000},
	Journal = {Ukrainian Mathematical Journal},
	Keywords = {proposal},
	Pages = {131--136},
	Title = {Solution of a homogeneous inverse {Stefan} Problem},
	Volume = {41},
	Year = {1989}}

@article{yurii80,
	Author = {A. D. Yurii},
	Category = {papers},
	Date-Added = {2015-02-16 04:44:00 +0000},
	Date-Modified = {2015-03-20 17:02:07 +0000},
	Journal = {Doklady Akademii nauk SSSR},
	Keywords = {proposal},
	Pages = {1317--1321},
	Title = {On an Optimal {Stefan} Problem},
	Volume = {251},
	Year = {1980},
	Bdsk-File-1 = {YnBsaXN0MDDSAQIDBFxyZWxhdGl2ZVBhdGhZYWxpYXNEYXRhXxAvLi4vLi4vLi4vLi4vZ3JhZC9kaXNzZXJ0YXRpb24vY2l0ZS95dXJpaTgwYS5wZGZPEQGyAAAAAAGyAAIAAAxNYWNpbnRvc2ggSEQAAAAAAAAAAAAAAAAAAADS0iqzSCsAAAAd6XMMeXVyaWk4MGEucGRmAAAAAAAAAAAAAAAAAAAAAAAAAAAAAAAAAAAAAAAAAAAAAAAAAAAAAAAAAAAAAAAAAAAAAB3uPNA3ns4AAAAAAAAAAAAEAAQAAAkgAAAAAAAAAAAAAAAAAAAABGNpdGUAEAAIAADS0nEDAAAAEQAIAADQN9cOAAAAAQAYAB3pcwAOCqQADf7NAAT53gAE+d0AAhLFAAIAT01hY2ludG9zaCBIRDpVc2VyczoAamdvbGRmYXI6AERvY3VtZW50czoAZ3JhZDoAZGlzc2VydGF0aW9uOgBjaXRlOgB5dXJpaTgwYS5wZGYAAA4AGgAMAHkAdQByAGkAaQA4ADAAYQAuAHAAZABmAA8AGgAMAE0AYQBjAGkAbgB0AG8AcwBoACAASABEABIAPFVzZXJzL2pnb2xkZmFyL0RvY3VtZW50cy9ncmFkL2Rpc3NlcnRhdGlvbi9jaXRlL3l1cmlpODBhLnBkZgATAAEvAAAVAAIAD///AAAACAANABoAJABWAAAAAAAAAgEAAAAAAAAABQAAAAAAAAAAAAAAAAAAAgw=}}

@article{zabaras93,
	Author = {N. Zabaras},
	Date-Added = {2015-02-16 04:44:00 +0000},
	Date-Modified = {2015-02-16 04:44:00 +0000},
	Journal = {Computational Modeling of Free and Moving Boundary Problems},
	Keywords = {proposal},
	Title = {The Inverse {Stefan} Design Problem},
	Volume = {93},
	Year = {1993}}
